2490 4080
194 215 232 273 38
494 230 525 274 11.
547 231 676 275 neonus
697 232 858 278 aileranus,

250 404 315 463 Sive
338 407 486 463 hominurn
509 406 602 464 fessus
625 408 757 479 placidus
781 426 870 480 super
893 416 1018 481 occupat
1040 416 1135 480 artus,

193 520 234 561 100
292 500 375 558 Solus
399 503 428 558 in
451 502 523 558 haec
546 502 639 559 nullus
662 503 770 560 lunrina
793 521 910 560 somnus
934 504 1004 561 abit.

250 596 316 653 Neu
339 597 410 653 socii
434 601 604 668 tractaeque
627 599 726 655 iuvant
749 616 803 670 per
824 599 929 671 pocula
951 603 1064 668 nectes,

292 691 358 747 Non
381 691 459 746 soliti
482 690 571 759 lusus,
596 709 655 748 uun
676 693 748 765 lyra,
774 711 832 750 non
854 694 994 762 citharae,

249 784 330 842 Ilaec
353 802 474 857 queque,
499 802 572 857 quae
596 803 698 843 saeros
721 787 800 845 fama
823 795 868 845 est
891 788 994 845 sedare
1018 787 1137 846 furores

291 880 387 951 Atque
411 880 498 937 etiarn
522 879 653 953 Stygium
675 880 794 939 flectere
817 900 903 954 posse
928 883 1035 940 levent.

194 992 235 1033 105
249 973 311 1030 Nec
335 974 484 1046 quicquain
508 979 624 1032 nostras
648 976 810 1034 demulcent
835 977 964 1035 caunina
985 982 1111 1045 promea,

292 1068 359 1124 Nun
381 1067 450 1126 facit
474 1070 512 1126 ad
534 1069 628 1127 luctus
653 1070 745 1127 Pieris
768 1072 826 1128 ulla
849 1088 938 1140 indue,

249 1161 315 1219 Non
338 1164 428 1234 tnagis
452 1180 487 1221 ac
510 1171 596 1236 capta
618 1171 726 1222 inatres
749 1166 828 1223 iuvat
853 1165 984 1223 hostibus
1008 1164 1082 1223 urbe

292 1258 441 1314 Attonitas
465 1259 542 1316 inter
564 1259 670 1316 ducere
694 1260 752 1316 tela
776 1260 891 1317 cheros.

251 1351 311 1409 Nec
334 1358 413 1423 puto,
438 1353 502 1424 plus
526 1354 658 1424 Orpheus
684 1372 752 1412 casu
776 1371 931 1425 percussus
954 1354 1062 1411 acerbo
1088 1360 1144 1423 est,

195 1464 236 1505 110
292 1446 452 1504 Labentem
475 1447 536 1505 fato
559 1449 632 1505 vidit
655 1454 686 1505 nt
710 1449 887 1520 Eurydicen,

251 1540 306 1610 Qui
329 1541 407 1598 velut¹
430 1543 491 1613 ipsc
515 1560 566 1598 suu
590 1542 682 1601 frutus
706 1550 849 1615 cantuque
871 1545 991 1615 lyraque

290 1636 406 1692 Dicitur
429 1636 557 1694 infernus
580 1638 661 1694 rivus
686 1638 783 1695 obisse
806 1639 895 1694 lacus.

251 1729 299 1786 sic
321 1731 410 1786 nriscr
432 1731 494 1801 ipsc
517 1732 602 1788 trahe
627 1730 763 1789 defututa
787 1732 1022 1803 corporesitum

293 1825 467 1897 Mortuaque
491 1826 520 1882 in
543 1827 608 1883 rivo
632 1844 755 1898 corpure
779 1827 909 1884 rnenrbra
931 1842 1010 1898 gere.

197 1936 237 1977 ue
251 1919 334 1976 Nunc
358 1937 469 1992 quoque
494 1938 566 1993 quae
589 1922 691 1993 gracili
716 1922 789 1978 duce
813 1921 866 1977 tibi
890 1920 1019 1977 caunina
1041 1936 1131 1977 versu

294 2013 341 2070 Sic
365 2014 448 2084 duee,
473 2021 504 2073 ut
528 2033 613 2072 scinu
636 2017 684 2072 vix
706 2016 788 2073 fruar
810 2017 872 2087 ipse
895 2032 969 2071 rneo.

253 2107 358 2165 Obruit
379 2111 526 2181 ingenium
549 2128 673 2180 maeror,
698 2111 863 2183 cannaque
887 2109 1058 2167 tremiscens

294 2204 360 2261 Nun
382 2205 453 2261 satis
477 2205 575 2262 efficio
599 2206 736 2277 languida
760 2205 864 2262 dextra
886 2205 972 2261 valet.

251 2298 364 2356 Forsan
387 2305 415 2356 et
439 2306 585 2357 extremus
609 2301 692 2357 uoltis
717 2300 771 2357 erit
795 2301 850 2356 iste
873 2299 1015 2365 laborum,

197 2413 238 2454 120
294 2394 392 2452 Deflet
415 2400 444 2452 et
466 2396 538 2452 llaec
562 2412 618 2451 iuro
644 2395 771 2451 carmine
794 2394 881 2451 Musa
904 2394 986 2451 duos¹

253 2487 312 2546 Sed
334 2495 432 2547 tamen
454 2490 511 2547 ista
533 2489 589 2546 fuit
612 2506 685 2561 quae
708 2495 768 2545 tarn
790 2487 854 2545 fera
876 2489 1001 2545 numinis
1024 2487 1092 2544 ira?

296 2586 357 2640 Aut
380 2602 452 2656 quae
476 2592 536 2642 tarn
559 2584 647 2641 subiti
672 2600 760 2640 cansa
783 2583 913 2654 putanda
935 2578 1024 2639 mali?

255 2677 346 2736 Grata
367 2697 470 2751 parurn
495 2678 583 2736 crede
607 2695 728 2749 superos
751 2678 781 2734 in
804 2682 873 2735 vota
895 2677 1007 2734 vocasti

290 2773 352 2831 Nec
375 2774 498 2830 dederas
522 2790 595 2844 pura
618 2778 683 2830 tura
706 2789 864 2843 precesque
887 2788 974 2828 rnanu

198 2886 239 2927 125
254 2870 314 2925 Aut
336 2869 444 2925 teneris
468 2868 544 2924 iratis
568 2873 618 2923 aut
641 2885 700 2925 nun
722 2868 793 2924 satis
817 2883 910 2937 aequa
933 2865 1038 2922 marite

296 2963 436 3021 Foedasti
461 2963 605 3019 thalamus
629 2962 694 3020 labe
718 2966 820 3019 notata
843 2967 918 3018 tues.

256 3058 333 3128 Quos
357 3059 446 3130 igitur
469 3057 561 3114 cultus
586 3062 636 3114 aut
660 3074 731 3128 iquos
753 3055 874 3127 pietatis
898 3055 1025 3112 honores

299 3153 362 3210 l'lle
386 3156 415 3208 te
439 3151 533 3209 dicant
556 3152 745 3223 praeteriisse
768 3151 841 3218 loeo,

255 3248 335 3317 Quae
358 3263 503 3319 nuruprarn
526 3246 612 3303 rebus
636 3245 777 3318 surgebas
801 3261 884 3301 ruane
908 3242 1044 3315 gerendis

198 3361 240 3403 130
297 3343 357 3398 Aut
380 3348 482 3398 centra
505 3359 602 3400 somne
626 3357 750 3411 corpera
772 3338 851 3396 fessa
874 3337 975 3405 clabes

255 3437 293 3493 vt
316 3453 373 3493 nen
397 3436 501 3493 divinis
525 3451 650 3507 eperusa
674 3440 741 3491 ante
766 3434 861 3490 annua
886 3431 973 3489 rebus

297 3531 420 3588 Libares
443 3530 569 3588 Domino
593 3535 662 3586 ruta
685 3545 843 3600 precesque
866 3527 930 3584 Dee

245 3627 347 3699 Atque
371 3627 475 3686 cadent
499 3626 624 3700 supplex
647 3624 778 3681 demissa
796 3640 870 3680 tuce
890 3638 1024 3692 requies,
