2490 4080
218 240 259 288 m.
287 240 422 288 mannus
444 242 569 287 numius,
612 241 798 287 Punrnnuou
820 243 982 314 ennomus.
1047 235 1086 297 79

155 418 218 477 Iam
241 418 343 475 demus
366 419 472 476 heroas
495 418 617 476 reduces
640 418 705 476 an
728 421 848 491 recepit,

107 532 140 574 10
310 512 373 571 Iam
395 512 499 584 patriis
524 517 590 569 sunt
613 512 759 570 inbonis.

155 608 248 680 Surge
271 607 344 666 cito!
368 607 514 679 Fugiendi
536 607 585 663 vix
609 611 676 664 sunt
698 614 831 680 tempora
853 609 947 680 nobis,

310 702 449 760 Armatus
472 701 565 758 hostis
588 702 728 759 imminet.

158 797 268 868 Accipe
291 795 421 865 filiolum,
445 812 581 868 propera,
607 795 661 852 tibi
683 797 817 867 praevius
842 797 900 867 ibo,

310 890 440 948 Ductore
465 890 594 948 cedimus
617 890 690 946 Deo.

113 1006 141 1047 15
158 986 247 1043 Forte
270 986 366 1057 gravis
390 985 475 1057 pueri
499 985 594 1041 dirum
617 989 715 1041 manet
737 985 832 1043 exitus
855 987 980 1061 hostem,

311 1079 432 1137 Furoris
455 1079 547 1136 instat
569 1079 655 1150 ultio;

159 1174 300 1232 Concidet
323 1179 353 1231 et
375 1174 493 1231 tandem
516 1173 680 1230 truculenta
703 1179 797 1231 morte
820 1176 941 1247 peribit:

313 1268 385 1325 Tum
408 1285 461 1326 nes
485 1267 582 1325 redire
605 1285 767 1339 possumus

157 1363 234 1420 Dum
256 1367 342 1435 pater
363 1363 503 1420 aetherea
527 1363 652 1419 clemens
675 1379 728 1420 nos
751 1364 873 1435 respicit
896 1383 972 1436 aree,

313 1456 393 1513 Nihil
416 1456 538 1528 periculi
560 1461 672 1528 gravat.

368 1728 608 1787 PANTALEON
632 1728 839 1787 CANDIDVS.

359 1865 553 1923 Contentie
582 1866 851 1937 discipulorum.

164 1977 281 2051 Iamque
303 1994 405 2034 necem
429 1977 508 2034 tristi
530 1978 621 2035 volvis
645 1977 698 2034 sub
723 1978 810 2036 corde
833 1978 989 2039 nefandam

203 2071 252 2129 Ad
273 2071 350 2129 mala
373 2077 459 2143 teque
484 2072 596 2140 animle,
623 2071 747 2141 Christe,
771 2071 869 2130 futura
892 2091 990 2145 paras.

158 2164 301 2237 Discipuli
322 2166 437 2223 interea
459 2165 552 2223 fastus
576 2165 755 2222 meditantur
777 2167 887 2236 inanes

200 2260 226 2317 E
251 2245 353 2332 quibus
378 2260 426 2316 hio
448 2260 583 2330 princeps
608 2276 672 2316 esse
696 2260 741 2316 vel
764 2260 811 2316 ille
836 2262 925 2333 cupit.

131 2355 236 2424 eQuid
257 2354 354 2412 facitis
377 2353 464 2411 modo
488 2370 542 2410 uec
565 2370 638 2425 quae
661 2352 723 2410 fata
752 2355 900 2413 revolvitis
923 2358 1058 2418 instant?

203 2449 250 2506 Ad
273 2453 396 2506 mortem
419 2453 517 2505 vester
539 2448 597 2504 iam
619 2448 751 2519 rapietur
774 2448 869 2507 herus.

160 2543 227 2600 Non
249 2543 306 2600 hoc
327 2543 385 2600 ista
409 2542 465 2600 sibi
489 2548 603 2614 tempus
627 2543 788 2600 cortamina
809 2546 914 2615 poscit,

204 2639 261 2694 Ast
282 2637 404 2694 humiles
428 2638 486 2694 iam
510 2643 571 2694 tum
595 2637 683 2694 corde
706 2638 832 2696 micante
854 2657 967 2712 preces.

163 2731 239 2802 Quid
261 2732 361 2789 titulos
385 2732 533 2789 hominum
557 2730 667 2789 frustra
690 2733 815 2804 captatis
838 2735 949 2805 inaneS,

119 2845 147 2887 io
204 2826 274 2896 Quis
298 2827 389 2884 malus
413 2827 443 2882 in
466 2825 573 2883 stolido
596 2831 716 2898 pectore
739 2825 832 2884 fastus
856 2829 956 2886 inest?

163 2921 218 2990 Qui
240 2920 333 2977 bonus
357 2925 387 2978 at
411 2921 523 2992 coeptis
547 2920 626 2977 Deus
651 2920 801 2977 obluctare
825 2923 958 2993 superbis

204 3015 328 3086 Altaque
353 3015 489 3072 continuo
513 3014 661 3084 deprimis,
685 3014 744 3070 ima
766 3015 853 3084 levae,

160 3108 208 3166 Da
229 3109 300 3166 mihi
324 3109 483 3166 submissos
507 3113 609 3165 tenera
632 3108 670 3165 ad
692 3109 868 3179 praecordia
890 3117 994 3182 motus,

204 3202 248 3260 Ne
272 3220 337 3260 mea
360 3204 521 3260 mundanus
545 3208 666 3273 pectora
689 3208 786 3260 verset
808 3205 910 3262 honor.

120 3316 148 3357 15
163 3296 347 3368 Compositos
372 3314 463 3370 aequo
488 3302 585 3354 secter
607 3297 804 3355 moderamine
827 3316 932 3370 meres

205 3390 352 3448 Subiciam
375 3391 507 3449 mambus
531 3408 584 3459 me,
609 3391 689 3448 Deus
713 3392 796 3462 alme,
821 3394 888 3451 tuis.

163 3484 289 3542 Mundus
313 3502 383 3557 opes
407 3503 497 3543 vanos
522 3491 551 3542 et
574 3492 656 3543 curet
678 3486 801 3543 mundus
825 3487 962 3559 honores,

206 3578 272 3650 ipse
295 3597 359 3638 meo
385 3597 482 3638 curem
505 3597 591 3652 posse
613 3580 730 3651 placere
754 3580 828 3638 Deo.
