2490 4080
434 269 453 314 Is
472 267 610 313 ·IOANNES
634 269 802 314 sufflamus
875 283 878 287 ’

176 442 268 500 Obvia
291 449 323 501 tu
347 448 447 501 coetus
472 443 619 502 Christum
641 445 807 503 venerantis
829 445 925 516 imago

217 537 302 608 Vere,
327 538 391 595 Deo
414 544 537 610 gratum,
561 539 620 596 ianr
642 539 783 596 redeunte
808 539 900 610 canis3

175 632 288 689 Blanda
311 649 431 704 operurn
453 633 614 704 inspectrix
638 635 769 705 spatiosa
790 650 844 705 per
866 650 936 690 arva
958 631 1075 704 vagaris

136 746 161 785 ru
218 728 315 799 Atque
339 727 436 798 operis
460 727 570 799 gaudes
594 729 670 784 ruris
694 728 798 785 adesse
822 744 928 785 cantes.

176 821 263 878 Mane
287 839 393 879 sonans
416 822 548 879 homines
571 823 701 879 mandati
724 823 762 880 ad
787 827 891 893 coepta
913 821 1023 878 laboris

218 915 320 972 Mania
341 916 467 972 iucunde
492 917 689 974 continuanda
711 933 798 974 vocas

176 1010 215 1066 Et
238 1010 335 1066 studia
358 1015 387 1066 et
410 1027 494 1066 curas
520 1015 606 1067 cantu
629 1011 733 1068 solaris
757 1011 859 1079 arnico,

217 1105 318 1162 Donec
341 1105 404 1161 abit
426 1122 528 1176 sparso
550 1106 657 1162 lurnine
680 1107 766 1178 longa
790 1098 861 1163 dics

135 1219 160 1259 ru
177 1199 320 1256 deciduus
344 1200 452 1270 repetit
475 1200 550 1256 vada
574 1217 638 1256 curn
660 1200 812 1257 Maurusia
835 1200 980 1269 Phoebus

218 1293 261 1349 Tu
284 1292 369 1350 fessis
394 1293 481 1351 etiarn
505 1299 573 1351 vute
597 1295 695 1366 quieta
718 1295 798 1351 carris
911 1280 914 1285 ’

175 1388 236 1444 Nec
258 1389 338 1458 prius
362 1389 391 1444 in
414 1388 542 1444 latebras
567 1390 629 1459 agri
654 1394 682 1445 te
707 1406 772 1446 sera
794 1389 939 1454 recondis

219 1481 389 1539 Munificunr
413 1483 543 1540 celebret
565 1500 650 1555 quam
673 1488 723 1541 tua
746 1484 844 1555 lingua
866 1483 969 1539 Deunr.

175 1577 255 1649 Ergo
278 1576 430 1634 laboriferi
452 1577 569 1656 rediens
592 1583 624 1634 ut
646 1578 747 1635 nuntia
770 1577 846 1634 veris

133 1691 161 1730 ru
221 1671 313 1728 Grata
334 1672 398 1729 Deo
421 1672 523 1738 laudes
548 1672 645 1729 dicere
669 1674 760 1730 corda
783 1673 880 1739 doces,

176 1766 277 1823 Sicut
300 1771 384 1837 grata
406 1767 470 1823 Deo
493 1766 595 1823 laudes
619 1768 743 1825 ecclesia
770 1773 876 1836 cantet,

218 1860 363 1932 Perpetuo
387 1861 501 1931 patriae
524 1860 599 1918 faxit
622 1878 720 1920 aurore
743 1862 832 1919 Deus.

436 2040 486 2097 De
509 2042 605 2098 viola
628 2042 795 2099 serotina.

175 2143 351 2214 Decerptanr
375 2143 481 2200 violant
503 2161 586 2200 nicae
609 2144 721 2215 pirellae

176 2238 201 2293 E
226 2237 304 2293 silvis
328 2238 444 2294 rediens
469 2237 537 2294 dedi
561 2238 613 2294 sub
637 2239 731 2309 ipsum

176 2332 375 2389 Maturantem
397 2332 500 2388 hiemis
523 2332 623 2389 Nonas
646 2332 843 2401 novembrem,

176 2426 268 2495 Quarn
291 2431 388 2483 terrae
412 2443 427 2482 c
451 2427 561 2498 gremio
586 2427 729 2484 excitarat
752 2432 860 2496 auster,

148 2521 217 2580 sEt
239 2521 361 2576 multum
385 2521 468 2577 simul
492 2521 593 2578 addidi
617 2522 791 2591 osculorum,

177 2614 388 2694 Cornrnendens
413 2615 547 2672 (luminae
570 2633 646 2673 nova
668 2616 718 2673 illa
741 2617 827 2674 dona.

177 2709 256 2778 Quae
280 2709 378 2766 ridens
403 2710 487 2766 siinul
510 2714 539 2766 et
561 2727 693 2782 gemens:
719 2710 852 2768 ‘Amabo'

175 2803 271 2875 Inquit
298 2804 436 2872 delicias,
461 2809 558 2861 tarnen
581 2804 625 2861 vel
648 2805 712 2875 ipso

175 2899 208 2954 In
231 2897 305 2955 flore
329 2903 374 2954 cst
397 2899 485 2955 etiarn
507 2897 601 2969 figura
624 2900 741 2956 n10rtis:

133 3011 160 3050 10
175 2993 239 3058 Hie,
264 2993 312 3064 qui
335 2998 466 3063 ternpore
490 3009 548 3049 non
572 2980 623 3050 suu
648 2993 775 3064 virescit,

176 3087 257 3143 Idem
280 3092 412 3159 ternpore
435 3104 493 3144 nun
517 3104 568 3144 suo
591 3087 721 3159 peribit)

505 3267 554 3324 Dc
578 3267 730 3325 Phileta.

178 3367 249 3424 Cum
271 3369 396 3440 primurn
420 3371 505 3426 enixe
527 3369 656 3428 formosa
680 3370 794 3429 Phileta
817 3377 938 3442 parente

218 3463 369 3520 Humanae
394 3482 513 3520 curiscrs
537 3465 616 3522 edita
638 3465 710 3522 lucis
735 3472 806 3535 erat,

174 3557 327 3628 Excepere
351 3559 415 3614 sinu
439 3558 630 3631 Glraritcsque
653 3559 807 3632 Venusque
829 3562 963 3633 puellam,

218 3650 372 3720 Quaelibet
394 3653 432 3709 ad
456 3669 558 3710 causas
581 3654 738 3724 ingeniosa
756 3672 832 3712 suas.
