2490 4080
152 231 209 288 106
398 241 441 287 rx.
472 240 631 296 parmenus
654 238 896 291 nuunnonruou.
984 253 987 256 ·

191 418 423 489 Fraxineamque
446 417 560 480 hastam
585 434 648 474 cum
671 415 756 474 fortis
780 416 884 474 dextra
906 421 1032 486 teneret,

231 511 361 570 Laevum
384 510 440 584 ipsi
464 511 550 583 clipei
572 517 687 571 texerat
709 511 796 569 umbo
819 510 905 579 latus,

161 608 224 668 aln
246 624 302 679 quo
326 623 431 679 magna
453 605 541 666 boum
565 606 702 663 dicuntur
723 611 842 678 tergora
865 610 977 677 septem

233 701 365 759 Artificis
388 701 476 758 docta
498 702 598 759 iuncta
619 700 709 759 fuisse
732 718 826 759 manu.

190 797 249 856 Sed
272 812 360 869 supra
383 800 471 868 caput
492 790 599 853 Aiacis
615 813 697 854 mons
722 796 830 854 eminet
852 795 937 865 aliua,

232 891 369 949 Floribus
392 896 423 949 et
444 891 522 949 laeto
545 891 675 963 gramine
698 891 804 964 ubique
828 889 933 962 virens,

190 985 278 1043 Cuius
301 985 332 1042 in
355 985 471 1043 excelso
494 986 589 1043 victor
611 990 670 1043 stat
692 986 802 1043 vertice
826 984 968 1053 Christus,

147 1101 174 1141 m
231 1080 340 1137 Vnicus
364 1084 484 1138 aeterno
508 1080 544 1137 de
567 1081 700 1152 genitore
724 1085 814 1150 satus

190 1175 279 1247 Signa
301 1192 414 1247 gerens,
439 1175 576 1233 reducem
600 1185 738 1247 superata
760 1179 864 1243 morte,
888 1174 1037 1246 triumphi,

232 1268 337 1339 Qualia
360 1274 428 1326 tune
451 1269 588 1327 comitum
610 1269 688 1327 ferre
712 1277 830 1327 caterva
853 1268 941 1325 videt.

191 1364 283 1421 Huius
307 1363 360 1421 sub
384 1363 509 1435 pedibus
530 1364 685 1436 medioque
708 1349 739 1421 in
760 1369 859 1421 monto
882 1363 1056 1435 trophaeum

232 1458 374 1531 Angelica
397 1475 468 1515 crux
491 1464 536 1516 est
559 1476 649 1517 aurea
671 1457 731 1516 fixa
753 1475 848 1517 manu.

147 1573 172 1613 ta
188 1554 283 1611 Multa
306 1553 423 1626 quidem
445 1553 570 1625 pavidae
594 1554 750 1611 simulacra
772 1551 889 1625 fugacia
910 1557 1033 1624 mentes

231 1648 311 1718 Qurae
336 1664 424 1705 caeca
446 1648 570 1706 volitant
591 1648 680 1705 inrita
702 1652 798 1716 noete,
821 1646 930 1716 rident,

188 1743 247 1800 Sed
270 1747 368 1799 tamen
391 1742 472 1812 haec,
499 1743 525 1800 si
547 1760 605 1800 non
627 1743 697 1799 lusit
719 1741 872 1801 fallacibus
894 1741 1015 1811 umbrie,

230 1835 313 1894 Talia
337 1836 481 1894 sollicitos
505 1836 607 1896 forsan
628 1837 725 1910 imago
748 1841 860 1895 mouet:
936 1890 938 1893 ,
1026 1837 1028 1841 ’

188 1932 261 1988 Irati
286 1931 415 2003 quamvis
441 1937 595 1989 moverunt
618 1932 715 1989 tristia
737 1931 823 2001 bella,

143 2047 171 2086 m
230 2027 264 2084 ln
287 2043 340 2084 sua
362 2032 534 2098 grassantur
556 2026 670 2085 viscera
693 2026 807 2099 iamque
832 2026 921 2082 duces

187 2121 304 2179 Etiam
329 2121 405 2178 civili
428 2121 525 2194 patria
548 2127 594 2179 est
616 2121 727 2193 polluta
750 2137 853 2178 cruore

229 2216 366 2288 Iustaque
390 2233 447 2273 non
471 2221 570 2274 sontes
594 2215 733 2288 opprimit
755 2216 800 2273 ira
821 2215 887 2284 Dei,

187 2311 225 2367 Vt
247 2316 346 2367 tamen
368 2311 398 2367 in
420 2310 524 2368 mediis
547 2311 694 2368 laceratus
716 2309 875 2382 naufragus
898 2309 984 2367 undis

162 2464 164 2468 ,
229 2404 284 2473 Qui
308 2410 450 2476 superest,
476 2404 591 2463 tabulas
616 2405 736 2478 conligit
757 2405 822 2477 ipse
846 2404 911 2475 sibi,

147 2518 175 2559 aa
192 2499 240 2556 Sic
263 2498 388 2570 aliquem
411 2500 517 2571 eripiet
540 2505 654 2558 coetum
678 2500 713 2558 de
736 2498 873 2559 fluctibus
895 2493 960 2556 istis

227 2594 358 2650 Aeterno
382 2592 516 2651 Christus
540 2594 576 2651 de
600 2595 731 2666 genitore
755 2600 845 2652 satus.

186 2688 297 2759 Estque
320 2687 397 2744 inter·
420 2687 524 2746 dubios
548 2705 686 2747 mansura
709 2689 834 2747 ecelesia
856 2694 962 2760 motuS,
999 2690 1003 2696 “

227 2782 267 2838 Vt
289 2782 384 2840 victor
407 2781 540 2840 Christus
563 2785 671 2842 montis
694 2785 724 2842 in
747 2801 814 2842 arce
839 2784 929 2842 stetit.

185 2877 287 2935 Flecte
309 2894 415 2949 precor
437 2878 523 2936 nobis
546 2879 662 2948 iratum,
688 2878 812 2949 Christe,
837 2884 998 2951 parentem,
1067 2934 1071 2940 .

143 2991 172 3033 ao
232 2972 287 3042 Qui
310 2972 352 3030 vis
374 2989 428 3044 pro
452 2973 536 3031 nobis
560 2974 698 3046 supplicis
722 2990 786 3032 esse
808 2974 884 3041 loco,

180 3066 222 3123 Et
245 3082 331 3138 quam
354 3067 489 3138 sparsisti
512 3067 658 3140 prolatam
682 3085 697 3126 e
721 3072 817 3126 mente
841 3068 974 3141 parentis

224 3160 325 3219 Deleri
348 3177 450 3218 vocem
472 3179 508 3219 ne
531 3163 645 3234 patiare
669 3163 762 3220 tuam!

181 3248 399 3328 Doctrinaeque
423 3261 492 3313 tuae
516 3257 643 3315 studium
665 3274 844 3330 parvamque
869 3257 1032 3330 Sareptam

224 3350 386 3409 Doctrinae
409 3350 570 3423 hospitium
592 3357 714 3424 protege
739 3369 848 3425 quaeso
872 3357 940 3410 tuae

136 3463 165 3505 aa
179 3445 219 3501 m
241 3445 387 3517 placidam
411 3431 545 3503 clemens‘
560 3446 645 3504 nobis
670 3447 825 3505 concedito
849 3463 953 3519 pacem

223 3539 323 3612 Tuque
348 3540 453 3598 ducum
476 3547 588 3598 mentes
612 3546 643 3598 tu
665 3541 823 3613 populique
846 3558 941 3614 regas.

182 3634 284 3691 ‘Nemo
308 3635 380 3691 meis
404 3634 538 3692 manibus
561 3641 676 3694 coetum
700 3653 765 3694 mea
789 3636 870 3693 dieta
892 3635 1058 3709 colentem’,
