2490 4080
427 227 468 272 IV.
491 225 645 271 nnnalovs
668 226 826 274 PRORSIVS.

132 425 163 467 20
221 404 289 463 Rite
311 401 518 477 frequentaris,
544 404 630 462 docte
653 404 798 478 Philippa
823 423 908 464 sacra

179 501 285 572 Ampla
308 516 448 572 segesque
473 500 569 556 enimc
592 499 732 556 virtutum
754 499 876 572 pullulet
898 501 967 571 alte,

182 589 185 594 ’
221 595 261 652 Et
283 611 380 652 mores
404 593 515 652 referat
537 595 597 651 vita
619 594 754 652 modesta
776 593 879 665 bonos

179 690 240 749 Has
264 690 359 758 dolce,
383 689 471 747 modo
495 690 610 746 sincera
633 704 686 745 ceu
709 694 805 746 mente
829 691 967 762 sepultas,

220 784 384 856 Languenti
408 784 538 856 quamvis
562 800 621 841 non
641 783 759 841 iacuere
783 784 849 853 situ,

132 899 163 941 ae
179 880 276 951 Stirpe
300 884 398 936 tamen
421 879 508 936 claris
529 878 654 950 posthac
676 879 848 935 coniunctus
872 881 982 951 amicis

221 975 368 1031 Exserere
392 973 511 1045 egregia
533 989 593 1030 non
615 972 676 1030 sine
699 973 786 1031 laude
809 974 898 1032 vales.

178 1069 227 1126 Sic
249 1068 383 1140 amplam,
408 1068 517 1125 dudum
540 1084 626 1140 quam
650 1084 819 1139 concepere,
844 1069 971 1140 replebis

221 1163 308 1235 Spem
330 1167 488 1234 gratusque
511 1161 568 1219 tuis
592 1161 700 1234 gaudia
722 1167 806 1234 grata
830 1163 924 1221 dabis.

179 1258 277 1315 Macte
301 1257 397 1315 animo
421 1257 581 1329 propinque
605 1261 656 1315 tue
678 1257 785 1314 virtute
808 1263 933 1328 paterno

134 1372 164 1414 eo
221 1351 307 1410 Adde
331 1352 429 1410 alacer
450 1351 560 1424 generi,
583 1350 732 1422 pulchrius
756 1352 833 1410 adde
857 1352 959 1409 decus!

177 1448 239 1505 Fac
260 1447 338 1504 idern
361 1445 453 1518 patris
477 1445 603 1519 vestigia
625 1450 689 1503 tuta
712 1447 853 1518 sequaris,

221 1542 298 1598 Ante
322 1541 395 1598 alios
419 1541 527 1598 celebri
551 1540 599 1612 qui
622 1540 767 1612 gravitate
791 1541 878 1613 viget.

179 1636 348 1708 Ingeniique
371 1635 457 1692 bonis
481 1634 627 1708 quondam
649 1633 783 1692 felicibus
807 1641 910 1693 auctus

219 1730 333 1788 Tollere
357 1730 541 1801 praeclarum
563 1746 670 1787 nomen
692 1730 730 1788 ad
753 1735 834 1788 astra
856 1730 957 1788 stude!

133 1843 163 1886 35
178 1824 260 1881 Vade
283 1824 373 1897 igitur
395 1823 572 1897 propiosque
595 1825 671 1881 lares
695 1825 833 1897 appellite
858 1840 959 1897 sospes

220 1919 261 1975 Et
282 1917 379 1976 fruere
403 1919 537 1990 amplexu
560 1918 698 1999 liberiore
720 1919 828 1991 patris!

180 2012 320 2084 Aspirent
342 2012 482 2071 blandum
504 2013 631 2087 Zephyri
655 2013 710 2071 tibi
731 2014 850 2072 mitibus
874 2015 962 2083 auris,

222 2106 408 2164 Phoebaeam
432 2108 527 2165 celent
549 2107 649 2167 nubila
671 2108 750 2166 nulla
770 2108 877 2166 facem!

179 2200 283 2273 Sicque
306 2218 359 2273 per
382 2201 520 2274 ambages
544 2206 574 2258 et
596 2207 699 2275 tesqua
721 2202 778 2260 iter
800 2219 905 2274 aspera
929 2201 1025 2271 ducat,

134 2314 164 2356 40
221 2296 365 2352 Avertam
387 2297 516 2353 humeris
539 2295 601 2354 fata
622 2297 733 2368 pericla
756 2297 822 2353 tuis

179 2389 296 2462 Iamque
319 2391 393 2460 vale,
419 2391 487 2447 dum
510 2396 669 2462 conspectu
691 2391 844 2464 iungamur
867 2390 981 2460 eodem,

222 2483 311 2542 Vince
335 2485 413 2542 senis
437 2484 512 2559 Pylii
535 2485 652 2543 saecula
674 2486 770 2559 longa.
815 2485 902 2545 Vale!

522 2776 727 2785 ·-—-——.
