2490 4080
411 223 441 268 II.
464 221 593 268 IAOOBVS
615 221 775 268 MIOYLLVS.

208 398 274 470 Ipse
297 415 350 455 sua
372 403 487 468 regeret
510 404 596 471 teque
619 405 741 472 tuosque
764 395 871 456 mauu?

110 510 149 552 135
165 493 247 549 Haec
270 492 372 550 eadem
394 499 489 561 natae,
514 493 616 550 eadem
640 493 709 550 data
731 511 822 566 peasa
844 494 993 552 trahentes

208 587 246 643 vt
268 585 400 644 facerent
422 587 538 644 memini
561 593 590 644 te
613 589 759 645 monuisse
783 592 858 646 tuos.

164 682 218 738 Illa
240 686 337 738 autom
361 699 434 754 quaa
457 688 524 739 suat
547 688 691 740 castamm
718 684 838 755 propria
860 688 993 753 matrum,

208 777 247 832 Et
270 792 386 833 servare
409 775 497 833 fidem
520 781 550 834 et
571 777 644 834 uelle
666 778 782 848 placere
806 779 877 847 viro,

166 871 246 940 Quiae
270 871 402 928 Panthea
425 872 516 943 magis
539 872 585 929 vel
607 888 680 943 quae
703 872 795 944 magis
818 873 954 930 Icariotis

110 985 152 1026 mo
209 967 277 1038 ipsa
300 982 370 1023 suae
393 965 492 1023 domui
514 967 662 1037 praestitit
686 972 772 1039 atque
795 964 877 1025 viro?

166 1061 242 1118 Nam
264 1078 316 1117 seu
337 1061 416 1118 laeta
438 1059 536 1118 forent-
557 1061 741 1133 peragendae
765 1067 898 1134 tempora
920 1064 997 1121 vitae

209 1155 350 1212 Posceret
373 1159 403 1211 ct
425 1155 528 1212 molior
550 1155 658 1226 gaudia
680 1153 757 1212 forto
781 1156 852 1225 dios,

167 1249 327 1306 Rusticitas
351 1249 455 1306 aberat
476 1265 645 1321 morumque
668 1250 818 1309 incondita
840 1251 941 1320 virtue,

209 1344 276 1400 Nori
299 1343 403 1401 aderat
425 1343 528 1411 fastus,
552 1361 610 1401 non
633 1349 730 1401 tumor
752 1345 870 1416 ingenii,

110 1457 151 1498 145
167 1438 225 1496 Sed
249 1439 342 1498 solum
364 1445 397 1495 ut
419 1455 521 1509 posses
544 1439 663 1509 proprio
688 1439 797 1496 servire
820 1441 935 1509 marito,

209 1532 289 1602 Quae
313 1538 342 1589 te
366 1532 519 1590 sollicitam
543 1549 612 1589 eura
634 1536 749 1589 teneret
772 1538 848 1606 erat3

167 1628 232 1685 Sive
255 1644 359 1699 graves
383 1632 485 1684 contra
507 1643 604 1684 rerum
628 1626 802 1698 deposceret
823 1645 892 1685 usus

209 1723 309 1779 Mores
333 1727 419 1794 atque
443 1737 550 1793 operae
573 1738 641 1793 pars
663 1721 741 1779 foret
763 1723 813 1779 illa
836 1728 912 1793 tuae,

166 1817 253 1874 Nulla
275 1817 367 1887 magis
392 1815 489 1873 studio
512 1817 604 1888 magis
628 1822 678 1873 aut
700 1818 845 1888 gravitate
868 1819 993 1889 valebat,

110 1930 152 1971 rso
211 1910 351 1967 Sumebas
375 1911 501 1967 animum
524 1915 555 1967 tu
579 1927 691 1982 quoque
715 1928 803 1983 saepe
826 1913 890 1968 viri.

167 2006 245 2062 Talis
270 2010 343 2074 erat,
367 2005 464 2073 eredo,
490 2005 584 2062 doc-tis
608 2005 756 2063 celebrata
779 2005 907 2076 Theano,

210 2101 289 2158 Talis
313 2099 511 2157 Gracchorum
534 2099 635 2156 sedula
657 2104 752 2156 mater
774 2106 846 2157 erat.

168 2195 328 2265 Praecipue
351 2199 480 2251 tractare
503 2211 609 2265 penum
633 2198 661 2250 ot
685 2194 841 2265 disponore
866 2212 942 2265 cura,

211 2290 354 2360 Tempore
377 2305 451 2360 quae
475 2288 571 2345 subito
595 2305 663 2345 mox
685 2289 845 2359 repetenda
867 2288 973 2347 forent.

112 2404 153 2446 155
168 2386 225 2441 Vix
247 2384 351 2441 melior
373 2387 436 2440 toto
460 2380 559 2459 (liceat
581 2383 652 2438 mihi
675 2383 773 2440 (licere
796 2389 909 2455 verum)

209 2481 300 2547 aevo,
326 2495 381 2550 quo
404 2478 496 2534 iuncti
518 2478 650 2546 viximus
674 2478 733 2534 ulla
755 2477 818 2535 fuit.

167 2574 230 2632 Scit
253 2573 349 2645 patria
372 2578 403 2630 et
426 2573 510 2640 cives,
536 2573 590 2629 soit
613 2577 712 2629 cetera
734 2572 821 2629 turba
843 2577 968 2643 tuorum,

207 2668 349 2740 -Vanaquo
371 2684 425 2724 neo
448 2668 575 2724 numeris
597 2683 757 2738 persequar
778 2666 837 2725 ulla
859 2669 940 2726 meis.

168 2765 208 2821 At
230 2771 301 2834 puto
326 2760 454 2819 difficilis
476 2761 600 2819 formam
622 2767 727 2819 natura
749 2767 881 2833 negarat,

110 2877 153 2919 1oo
211 2857 251 2914 Et
273 2856 370 2914 fuerat
392 2858 486 2913 vultus
509 2856 605 2927 gratia
628 2856 706 2913 nulla
728 2856 784 2928 tui3

167 2953 230 3009 Nec
252 2951 306 3008 tibi
329 2955 413 3008 erant
435 2951 537 3021 proavi
558 2967 612 3007 uec
636 2967 706 3021 opos
728 2967 782 3007 nec
806 2951 922 3022 sanguis
946 2953 1050 3021 avitus,

210 3046 278 3104 Non
299 3046 396 3117 patria
419 3045 537 3116 antiquo
561 3044 716 3101 nobilitata
739 3045 810 3101 solo.

168 3142 234 3198 Heu
256 3141 379 3198 miseros
402 3140 542 3208 homiues
568 3139 665 3210 superi
689 3139 714 3195 si
736 3140 808 3196 talia
831 3146 932 3198 curent

211 3236 307 3307 Atque
332 3235 435 3306 aliquis
459 3234 534 3291 tanti
558 3239 636 3291 sorte
660 3239 767 3306 negata
789 3234 863 3291 luat!

112 3350 153 3392 ma
168 3331 236 3387 Non
259 3347 312 3402 ego
336 3330 381 3386 vol
403 3328 516 3386 formae
539 3329 581 3385 sic
605 3328 664 3385 vixi
687 3328 802 3386 deditus
825 3346 959 3401 uuquam,

211 3425 301 3482 Esset
322 3428 355 3480 ut
376 3424 449 3481 haec
473 3424 575 3480 animis
599 3423 742 3481 insidiosa
764 3424 845 3492 meis,

168 3520 230 3576 Aut
253 3519 341 3576 otiam
364 3519 473 3590 ingenii
496 3519 580 3575 (louis
604 3518 720 3589 potiora
742 3519 851 3588 putavi,

211 3613 291 3683 Quae
315 3614 360 3670 vel
382 3619 487 3670 natura
511 3614 556 3670 vel
579 3613 649 3670 data
672 3617 752 3670 sorte
774 3611 885 3670 ioreut.
