2490 4080
214 219 272 278 112
484 232 527 295 nr.
556 231 680 277 cnonas
703 231 920 278 suosnoaevs.

210 427 236 467 rs
253 406 494 466 Comrnonstrabo
517 409 602 477 viam,
627 425 683 480 qua
704 410 876 467 nanciscare
899 409 1007 481 cupita,

251 501 364 560 Necte
387 519 440 575 per
463 502 594 561 salebras
618 503 721 560 ducam
745 509 776 561 et
798 505 913 574 spineta
935 505 1074 562 tenellum

248 597 310 654 Nec
331 614 384 668 per
407 597 546 655 circuitus
570 597 696 670 celsique
719 598 843 655 acclinia
864 599 981 668 montis,

252 691 310 749 Sed
332 692 419 762 plana
441 691 578 764 facilique
602 692 657 760 via,
683 691 760 763 quod
783 692 855 750 velle
878 692 991 751 fateris.

250 786 325 844 Nam
348 791 415 842 sunt
438 791 498 843 tres
522 787 639 844 omnino
662 786 736 854 viae,
762 803 883 858 quarum
905 804 963 845 uua
984 787 1097 846 laboris

206 902 234 941 ao
250 880 409 938 Plurimum
432 880 529 951 babet,
555 881 683 953 reliquae
708 881 780 937 duro
806 898 926 940 caruere
948 881 1060 940 labore.

251 976 389 1033 Primitns
413 992 429 1032 e
453 975 541 1032 caelis
564 975 660 1032 sancti
683 975 814 1033 didicere
836 976 999 1048 prophetae

250 1069 353 1128 Omnia
376 1071 523 1138 continuo,
549 1069 647 1127 divino
670 1074 826 1140 pneumate
849 1087 952 1142 nempe

246 1164 359 1236 Ingenii
382 1164 509 1221 studium
533 1169 619 1235 atque
643 1180 757 1221 omnem
781 1163 935 1235 supplente
957 1165 1099 1224 laborem.

248 1258 296 1315 Sic
319 1275 355 1315 ex
377 1258 502 1315 indoctis
525 1274 560 1315 ac
582 1257 779 1329 piscatoribus
804 1258 873 1315 olim

204 1372 232 1412 as
248 1352 374 1411 Caelesti
397 1351 469 1410 ilatn
492 1352 589 1410 subito
614 1353 749 1410 exsiliare
772 1352 915 1425 magistri,

248 1449 303 1517 Qui
325 1448 438 1520 linguas
461 1453 568 1505 norant
590 1464 689 1505 omnes
714 1447 868 1521 divinaque
892 1448 1011 1520 scripta,

246 1543 287 1599 Et
308 1543 380 1599 nihil
403 1547 448 1600 est
470 1542 526 1598 illis
550 1558 667 1613 operae,
690 1542 733 1598 nil
753 1559 875 1613 prorsus
899 1543 967 1600 olivi

246 1637 435 1708 lusumptum.
471 1637 494 1694 0
519 1637 544 1693 si
567 1635 609 1694 sic
631 1653 734 1708 posses
758 1637 884 1695 evadere
906 1654 1028 1709 maguus

245 1732 286 1788 Et
307 1730 407 1788 mundi
431 1731 536 1789 doctor
558 1729 622 1788 fieri
644 1736 804 1804 pastorque
827 1736 977 1803 repente,-

202 1844 230 1885 oo
247 1825 368 1895 Quando
392 1824 507 1897 quidem
530 1824 658 1881 studium
683 1825 772 1882 odisti
795 1825 1138 1900 longumquelabore1n3

246 1920 353 1978 Verum
377 1920 460 1990 eheu,
484 1919 543 1976 iam
566 1920 646 1976 nulla
668 1919 754 1976 huius
778 1920 903 1992 vestigia
925 1920 1007 1978 callis

245 2017 377 2084 Restant,
403 2019 431 2071 et
454 2014 539 2087 plane
562 2012 671 2086 frigent
694 2013 834 2072 caelestia
856 2015 950 2073 nobis.

244 2110 324 2184 Ergo
348 2110 447 2167 statim
469 2109 537 2165 huic
560 2107 638 2165 facili
661 2108 756 2181 longis
780 2108 951 2182 ambagibus
975 2111 1051 2168 alter

241 2206 388 2263 Successit
410 2210 518 2261 trames
542 2203 620 2260 saxis
645 2208 675 2260 et
698 2202 828 2260 sentibus
853 2204 975 2262 horrens

200 2320 229 2361 ss
244 2302 285 2357 Et
307 2301 354 2357 vix
377 2299 416 2357 ad
438 2315 579 2355 summum
602 2301 671 2368 post
694 2302 827 2369 tempora
849 2298 937 2370 longa
961 2315 1100 2358 cacumen

244 2395 410 2453 Perducens
433 2392 558 2465 aliquos3
582 2392 688 2448 multos
712 2391 872 2450 absterruit
894 2376 982 2464 asper

243 2489 379 2547 Protinus
403 2493 489 2559 atque
512 2486 569 2544 alio
592 2503 724 2558 gressum
747 2487 871 2544 vertisse
895 2488 999 2560 coegit.

242 2583 379 2641 Nonnulli
402 2581 497 2639 medio
522 2598 537 2638 e
561 2598 647 2637 cursu
670 2579 771 2652 fugere
795 2586 956 2639 retrorsum

242 2679 281 2735 Et
304 2677 404 2750 quovis
426 2676 524 2748 potius
548 2679 713 2732 statuerunt
734 2676 778 2732 ire
804 2676 943 2733 locorum.
968 2739 970 2742 ,

198 2795 225 2835 ro
241 2775 303 2832 Iam
325 2771 416 2831 ferme
440 2787 557 2828 emenso
581 2770 677 2841 spatio
701 2770 844 2843 vertigine
867 2771 984 2843 qnidam
1042 2758 1045 2763 ¹

239 2868 359 2940 Delapsi
382 2866 476 2925 dumis
500 2864 634 2937 saxisque
657 2864 780 2923 haesere
802 2865 973 2938 propinquis

240 2966 300 3020 Aut
322 2963 360 3021 ad
382 2961 512 3019 radicem
534 2975 639 3032 magna
662 2959 796 3017 cecidere
818 2959 911 3016 ruina.

239 3059 322 3116 Hanc
345 3056 489 3129 quondam
512 3054 607 3126 ignari
629 3071 728 3110 rerum
752 3053 887 3126 caecique
910 3059 1048 3126 parentes
1087 3122 1091 3128 Δ

239 3153 442 3211 Monstravere
465 3151 542 3207 viam
563 3153 594 3206 et
616 3153 790 3220 carpserunt
812 3149 927 3206 naviter
948 3149 1019 3221 ipsi,
1094 3166 1097 3170 ·

195 3268 223 3310 45
239 3248 364 3305 Multum
386 3243 560 3316 adfligentos
584 3243 715 3315 septenis
739 3243 851 3301 artibus
875 3249 959 3301 etse
982 3277 985 3281 ·
1088 3305 1094 3317 ⁵

237 3345 333 3414 Atque
356 3340 429 3399 alios
452 3337 608 3410 ferulisque
632 3355 734 3396 manus
758 3342 788 3394 et
811 3354 936 3409 corpora
959 3338 1073 3397 dantes.

238 3436 424 3507 Quinetiam
447 3439 579 3492 veterum
602 3432 777 3490 studuerunt
800 3449 893 3503 nosse·
909 3433 1069 3504 sophorum
1137 3501 1138 3504 Ἴ

236 3532 389 3604 Dogmata,
413 3528 591 3601 praesertim
613 3527 742 3598 linguam
766 3526 872 3584 callere
894 3525 1040 3598 Latinam,

236 3627 381 3684 eretoras
405 3624 548 3682 evoluisse
571 3638 671 3680 onmes
696 3621 858 3696 doctosque¹
881 3628 985 3696 poetas
