2490 4080
237 242 296 300 108
484 254 542 299 nx.
571 253 723 301 mconnvs
746 254 943 300 ancoruoms

486 528 681 587 NICOLAVS
704 527 958 587 RHODINGIVS.

287 682 339 740 Ad
363 681 525 740 Carolum
550 680 739 741 Caesarem
763 683 921 755 epistola
942 682 1151 740 monitoria.

277 809 390 880 Oarole,
416 810 577 869 Germanos
601 828 653 869 cur
675 811 772 869 Marte
794 812 939 870 lacessere
963 779 1102 868 centusi*

318 903 378 961 Cur
398 905 474 977 petis
498 904 598 963 hostili
621 905 754 964 Teutone
777 922 867 979 regna
888 902 1016 963 manui·

273 998 340 1056 Non
362 999 418 1058 hoc
440 1001 545 1057 iurasti
568 999 730 1071 Germanis,
756 999 869 1071 Gamla,
895 1000 1010 1073 quando

318 1093 437 1166 Imperii
460 1094 515 1152 tibi
537 1099 605 1152 sunt
627 1095 737 1153 tradita
760 1100 877 1168 sceptra
900 1096 984 1164 sacri,

246 1187 342 1246 uNon
364 1189 421 1247 hoo
442 1189 590 1261 pollicitus
614 1189 776 1260 Germanis,
798 1190 923 1248 maxime
947 1188 1066 1258 Caesar,

317 1282 372 1351 Qui
395 1290 513 1342 sanetae
536 1285 617 1357 pacis
639 1282 761 1342 foedera
783 1285 878 1342 amica
901 1283 1007 1342 colunt.

274 1375 419 1435 Firmatas
443 1378 534 1437 audes
556 1380 637 1450 pacis
661 1379 820 1437 dissolvere
842 1376 946 1452 leges?

318 1470 376 1551 Gur
398 1478 450 1530 tua
473 1478 532 1531 tam
554 1491 659 1546 magno
683 1475 803 1532 crimine
826 1474 909 1546 lapsa
930 1470 1024 1531 fides?

272 1564 378 1637 Sicine,
404 1566 522 1638 Caesar,
547 1566 636 1641 ages?
670 1568 718 1626 En
741 1570 813 1626 haec
835 1569 981 1641 promissa
1003 1565 1077 1625 fides
1102 1563 1169 1624 est?

230 1677 257 1719 10
315 1661 391 1719 Nam
413 1667 464 1741 trra
486 1680 562 1721 nunc
585 1664 732 1736 querimur
753 1663 844 1721 verba
866 1679 967 1721 carere
989 1661 1058 1720 fide.

272 1754 355 1813 Nunc
379 1773 410 1814 se
434 1757 587 1829 decept-am
610 1759 742 1831 queritur
765 1757 922 1816 Germania
944 1775 1020 1824 sero,

315 1850 395 1920 Quae
417 1852 475 1908 iam
497 1858 585 1924 pacta
607 1853 657 1910 diu
679 1852 801 1911 foedera
823 1853 904 1910 laesa
928 1851 1017 1910 dolet.

272 1943 409 2018 Numquid
432 1946 474 2003 sic
497 1947 602 2005 merita
624 1952 670 2004 est
693 1947 729 2005 de
752 1952 781 2023 te
806 1947 963 2005 Germania
985 1943 1109 2004 nostra?

313 2039 428 2098 Damno
452 2045 481 2098 te
503 2041 600 2113 potuit
623 2042 801 2100 demeruisse
825 2039 899 2099 suo?

229 2151 256 2193 ιι
272 2133 347 2192 Nam
368 2136 448 2207 prius
472 2136 503 2209 in
525 2141 589 2193 tuta
611 2135 772 2194 Germanos
796 2153 868 2208 paee
890 2135 1024 2208 regebas,
1116 2166 1120 2170 ›

313 2228 437 2288 Sedulus
460 2246 495 2288 ac
518 2230 613 2288 laetae
636 2231 717 2302 pacis
741 2236 856 2289 amator
877 2247 954 2289 eras.

270 2322 329 2381 Cur
351 2341 426 2381 nune
448 2324 525 2382 bella
548 2325 607 2382 cies
629 2325 708 2383 nulla
730 2325 845 2383 ratione
869 2330 1008 2401 coactus·

311 2418 352 2476 Et
374 2435 427 2501 nos
450 2419 553 2477 immiti
575 2420 700 2492 perdere
724 2419 806 2478 clade
831 2417 932 2492 cupis?

270 2511 329 2569 Cur
351 2513 426 2584 petis
450 2513 623 2573 Hessiacnm
645 2532 705 2573 non
726 2515 804 2573 iusto
826 2514 924 2572 Marte
947 2514 1063 2572 leonem

225 2626 254 2668 ao
310 2607 356 2664 De
378 2612 408 2665 te
430 2625 489 2664 non
511 2609 646 2667 meritum
669 2609 870 2682 Saxoniaeque
893 2593 1017 2667 ducem?

267 2701 330 2760 Hos
353 2707 404 2759 tua
426 2703 564 2761 maiestas
588 2710 715 2775 accusat,
738 2704 891 2775 utaudio,
916 2704 1009 2762 solum

309 2795 489 2869 Tanquam
481 2799 683 2877 rmmorigeros
706 2798 866 2857 fascibus
858 2798 983 2869 1mperii.

266 2893 319 2948 Att
295 2897 405 2949 ttamen
427 2892 541 2970 imperii
565 2894 688 2965 sceptris
712 2898 741 2951 te
763 2893 841 2951 iusta
810 2891 1002 2963 tiubendo,

311 2985 423 3057 Carole,
448 2988 610 3064 morigeros
633 3005 722 3061 usque
745 2987 836 3045 fuisse
858 2987 972 3060 liquet,

221 3101 250 3143 aa
266 3081 408 3158 Quodque
430 3083 488 3139 tuis
511 3081 644 3140 manibus
667 3087 727 3140 tam
750 3099 849 3141 sacras
874 3082 1007 3140 Christus
1029 3081 1161 3166 habenas

307 3176 462 3247 Detulerit,
487 3177 589 3234 melius
614 3158 728 3235 constet
750 3183 783 3234 ιιι
805 3177 967 3271 imperium

266 3273 446 3343 Agnoscunt
426 3270 590 3351 tCaesar,
611 3271 670 3352 tibi
692 3273 731 3330 ad
754 3272 851 3353 omnia
872 3272 971 3338 munia
989 3274 1131 3356 prompti,

308 3365 339 3423 Si
361 3365 462 3423 iubeas
487 3372 650 3438 quaesunt
674 3365 800 3424 Caesare
824 3367 912 3440 digna
934 3367 997 3440 pio;

264 3460 390 3532 Agmina
412 3460 572 3519 Turcarum
595 3460 620 3518 si
642 3461 686 3518 vis
710 3461 855 3533 depellere
878 3477 974 3535 saeva,

221 3573 249 3616 ao
308 3554 339 3612 Si
361 3553 493 3626 proferre
518 3557 608 3628 copia,
634 3555 748 3624 Carole,
772 3573 863 3628 regna
884 3556 950 3626 Dei,

264 3649 311 3706 Sic
335 3650 453 3721 cupient
476 3667 576 3708 omnes
601 3656 651 3708 tna
673 3651 754 3708 iussa
777 3667 940 3723 capessere,
967 3649 1086 3724 Caesar,
