2490 4080
366 212 430 259 vus.
459 215 615 261 unarruvs
637 216 796 262 sanemus,
1032 201 1070 260 89

140 389 217 447 Dum
240 390 342 461 procul
365 407 382 447 a
405 392 502 461 patria
524 392 590 448 vivo
613 392 690 448 velut
715 392 796 449 exsul
819 407 916 461 arena,

182 483 205 541 Ο
230 484 325 541 animo
350 485 469 541 nimium
492 490 626 556 tempora
648 487 735 558 longa
758 486 837 543 meoi

104 578 204 650 alpse
227 579 297 635 mihi
320 579 423 637 videor
444 580 541 651 patria
565 581 693 638 caruisse
717 586 761 637 tot
785 597 885 648 annos,

180 672 298 730 Ithacus
322 674 474 745 aequoreis
498 680 569 746 ‹puot
590 673 646 731 fuit
669 681 752 732 actus
774 676 864 747 aquis.

136 767 275 825 Forsitan
299 767 451 839 Hesperiis
475 769 599 840 populus
623 770 671 840 qui
694 771 773 826 venit
795 768 833 826 ab
856 769 941 826 undis

180 862 237 918 Hei
259 862 330 918 mihi
352 864 464 919 natales
489 863 682 934 depopulatur
704 881 800 935 agros,

138 956 257 1028 Quaque
281 973 335 1028 ego
358 957 452 1028 prima
475 974 557 1014 nicae
581 958 650 1014 (luxi
675 957 818 1014 cunabula
839 958 926 1022 vitae,

93 1068 123 1110 10
181 1050 237 1106 Est
260 1051 350 1107 riculis
374 1068 519 1123 nunquam
541 1051 618 1109 forte
641 1052 767 1109 videnda
791 1052 901 1109 domus.

135 1144 242 1218 Dicite,
266 1146 425 1217 praelongo
449 1146 519 1202 mihi
543 1146 634 1204 iuncti
657 1145 778 1204 foedere
802 1146 897 1214 amici,

180 1238 258 1308 Quos
282 1240 378 1297 animo
401 1239 475 1297 fixos
499 1248 586 1298 noete
610 1241 714 1312 dieque
737 1258 816 1312 gero,

139 1333 198 1391 Cur
221 1339 302 1391 vetus
326 1351 342 1391 e
364 1340 462 1392 vostro
487 1337 529 1392 sie
551 1341 672 1406 pectore
695 1335 780 1391 fluxit
802 1332 932 1391 amicus?

180 1427 302 1497 Quando
326 1429 420 1500 legam
442 1435 540 1486 vestra
563 1428 654 1486 verba
675 1435 779 1486 notata
801 1425 907 1485 manu?

96 1541 123 1582 15
139 1521 261 1594 Saepius
286 1525 399 1594 aceepit
421 1524 541 1581 missam
565 1523 620 1580 sibi
643 1523 723 1581 Naso
747 1523 880 1591 salutem,

180 1618 271 1674 Actus
295 1617 333 1674 ad
355 1617 485 1675 Euxinas
510 1619 577 1675 dum
599 1617 655 1675 fuit
677 1619 743 1675 exul
766 1633 864 1690 aquas

141 1712 187 1768 An
209 1712 311 1782 procul
334 1728 351 1768 a
374 1713 456 1769 vobis
481 1713 603 1770 discessi
627 1712 693 1770 labe
715 1711 832 1784 fugatus

180 1805 368 1863 Mulamntre
391 1808 497 1864 malam
520 1808 642 1865 erimina
663 1814 765 1865 nostra
787 1804 894 1863 fidem?

140 1899 205 1956 Huc
228 1901 364 1972 quotiens
387 1903 506 1959 veniens
529 1901 669 1960 Boiorum
692 1920 761 1960 rura
783 1902 900 1974 reliquit

92 2012 123 2054 20
180 1995 315 2064 Nuntius,
339 1996 415 2053 hune
439 1997 545 2068 cupido
570 1997 639 2069 quid
661 1997 738 2055 ferat
762 2014 812 2054 ere
837 2013 922 2068 rog03

137 2088 213 2146 Dum
237 2089 335 2158 ‚Nihil'
359 2091 406 2148 illc
429 2090 530 2160 refert,
555 2092 662 2162 glacies
686 2108 750 2147 mea
772 2095 894 2162 pectora
917 2090 1042 2160 stringit,

178 2182 302 2240 Labitur
324 2201 360 2241 ex
384 2185 474 2242 oculis
498 2190 667 2256 maestaque
689 2189 772 2256 gutta
796 2186 881 2256 meis3

138 2276 209 2334 Cum
232 2284 330 2335 tamen
352 2279 407 2336 hoe
431 2280 519 2336 animi
542 2279 634 2351 frigus
658 2279 693 2336 de
716 2285 835 2350 pectore
859 2280 955 2347 cessit,

178 2372 305 2429 Audires
328 2379 441 2430 maesta
463 2374 535 2431 talia
559 2391 629 2431 voce
652 2374 745 2445 loqui:
830 2383 832 2388 ’

93 2484 123 2526 ‘25
138 2466 230 2535 Nune,
256 2484 308 2524 sua
332 2468 379 2539 qui
402 2469 513 2539 primus
537 2469 688 2526 mandavit
709 2470 820 2526 semina
843 2469 938 2536 terris

176 2560 347 2632 Triptolemi
371 2580 471 2619 currus
495 2581 572 2621 nune
594 2565 731 2621 habuisse
755 2564 849 2632 velim,

137 2655 285 2713 Daedalus
309 2674 325 2714 ο
349 2658 459 2715 utinam
485 2660 594 2716 celeres
618 2659 688 2715 milri
711 2658 843 2716 traderet
865 2659 935 2727 alas,

178 2752 255 2819 (luas
279 2751 382 2808 habuit
405 2752 518 2824 fugiens
543 2770 671 2822 carcere,
697 2753 793 2821 Creta,
818 2758 877 2820 tuo,

134 2843 247 2916 Lapsus
270 2863 324 2916 per
347 2853 464 2903 teneras
488 2852 520 2902 ut
543 2863 596 2918 ego
621 2847 761 2904 velociter
783 2863 868 2902 auras

91 2955 120 2997 ao
180 2937 384 3011 Conspicorem
409 2942 523 3011 patriae
548 2941 644 2998 dulcia
667 2957 736 2997 rura
757 2940 853 2996 meae!

135 3032 158 3090 0
181 3034 292 3091 utinam
315 3052 460 3106 nunquam
485 3035 632 3092 discordia
655 3036 744 3092 noxia
766 3051 850 3104 reges

177 3128 282 3200 Egerit
304 3129 428 3185 adversa
451 3130 549 3186 tristia
573 3130 609 3186 ad
633 3147 714 3186 arma
736 3129 836 3186 manu!

135 3221 202 3278 Non
224 3240 345 3281 vacuum
371 3223 475 3280 studiis
500 3224 574 3280 adeo
598 3224 669 3280 milri
692 3229 805 3296 tempus
829 3225 932 3293 abiret,

178 3317 245 3374 Non
268 3335 407 3390 quererer
429 3319 543 3390 patriae
567 3319 665 3376 tristia
687 3317 749 3376 fata
771 3335 863 3376 meae.

90 3427 120 3469 35
137 3409 230 3482 Impia
253 3411 387 3470 Tartarei
411 3413 569 3471 Discordia
591 3414 652 3470 tilia
674 3414 760 3483 Ditis,

177 3504 269 3575 Quam
294 3507 392 3564 docuit
416 3508 482 3564 lites
507 3514 536 3564 ct
558 3508 621 3566 fera
643 3509 720 3565 bella
743 3526 857 3580 parens,

135 3598 215 3668 Quae
238 3601 334 3658 media
357 3602 387 3656 in
408 3602 506 3672 patria
528 3601 612 3659 firma
635 3610 663 3660 te
687 3604 757 3661 sede
780 3605 885 3662 locasti
