2490 4080
185 213 225 271 88
267 227 329 271 VIII.
352 226 488 272 Ionunns
503 228 767 275 LAVTIIRBAGHIVS.
802 230 959 276 MARTINVS
974 231 1137 278 BALTIGVS.

224 411 326 469 Omnia
351 419 518 484 compenset
540 413 629 485 large,
654 432 850 487 quaecumque
873 415 1007 472 veluntas

267 506 355 578 Optat
380 513 481 564 nestra
504 508 557 564 tibi
580 525 633 565 nee
657 509 794 566 tribuisse
818 510 903 578 valet,

224 601 278 670 Qui
302 601 355 658 tibi
380 602 509 659 devinxit
533 619 578 658 ine
602 605 811 660 consuetudine
834 603 927 671 firma,

180 714 209 755 30
267 696 397 752 Luminis
420 714 538 753 usuram
562 697 609 769 qui
634 698 716 755 dedit
738 704 824 770 utque
849 699 973 767 denium,

224 790 405 862 Coniugium,
431 791 570 859 sebelein,
595 793 725 861 tutulum,
750 794 885 863 tegmina,
911 793 1018 849 vietuni

267 885 305 940 Et
329 902 384 957 que
408 892 561 957 praeterea
587 903 691 958 cerpus
715 904 801 958 egere
825 888 908 944 solet.

223 979 378 1036 Limitibus
402 980 440 1037 sit
463 981 543 1037 satra
566 981 623 1037 tuis
648 987 676 1037 et
699 979 803 1038 flereat
827 981 878 1038 alti

267 1074 399 1131 Numinis
423 1076 543 1147 agnitis,
569 1076 606 1131 sit
631 1077 692 1132 sine
715 1075 782 1132 iube
805 1075 893 1133 fides!

179 1186 208 1228 es
224 1168 355 1240 Tutaque
377 1170 525 1240 praesidio
550 1170 668 1227 caelesti
693 1176 788 1227 tenine
811 1170 931 1241 pericla,

267 1262 380 1321 Cudere
404 1281 477 1336 quae
501 1270 594 1321 tentet
618 1282 688 1335 gens
713 1265 829 1321 inirniea
851 1264 919 1336 tibi3

224 1353 367 1429 Principis
391 1358 508 1416 ensiferi
532 1364 604 1414 nutu
628 1376 730 1415 secura
753 1359 873 1429 regaris,

267 1452 354 1510 Cuius
379 1471 409 1510 es
434 1452 720 1525 observuns'ruique
743 1453 837 1509 tidelis
862 1453 929 1510 eris.

223 1547 308 1604 Inte
332 1548 478 1605 litterulae
502 1547 628 1621 vigeant,
653 1565 700 1605 urs
725 1549 802 1604 initis
827 1553 856 1604 et
879 1548 972 1619 aequi,

180 1660 208 1701 40
267 1642 378 1713 Copula
401 1644 538 1699 virtutuni
562 1643 739 1715 militiaeque
764 1642 867 1700 decus!

224 1735 383 1794 Corninedu
406 1754 458 1794 nec
482 1738 577 1794 desint
600 1738 764 1808 praesentis
789 1743 887 1794 cetera
911 1737 996 1804 sitae,

264 1831 362 1888 Divite
386 1832 422 1888 tle
446 1850 519 1889 vena
542 1832 624 1899 larun
646 1833 763 1889 rneteilu
786 1831 886 1888 tiuant.

223 1925 322 1982 Aurea
346 1943 408 1982 euin
431 1927 533 1997 prinns
556 1927 658 1983 volitet
681 1943 738 1997 pax
762 1926 870 1997 oppida
894 1926 1010 1992 eireuni,

265 2019 337 2075 Turn
361 2021 438 2077 eires
462 2027 577 2078 nianeet
601 2022 661 2077 vitu
684 2020 772 2077 beata
794 2020 875 2077 tuos!

179 2132 208 2174 45
224 2114 333 2171 Audiet
357 2115 430 2172 haee
453 2121 537 2187 grato
562 2116 597 2172 (te
621 2121 740 2187 pectere
764 2120 832 2172 veta
854 2112 996 2186 prefectu,

265 2208 392 2280 Expieet.
415 2215 444 2267 et
467 2210 554 2267 inodo
579 2227 651 2281 {lune
676 2209 823 2280 supprime
847 2226 918 2266 rece
941 2208 1032 2264 Deus,

223 2301 295 2372 Seis,
320 2305 397 2376 quoti
420 2304 608 2375 pinetulerim
632 2309 661 2359 te
686 2303 902 2360 venditionibus
927 2302 1038 2373 amplis

264 2397 389 2454 Externi
412 2399 545 2471 quotiens
569 2416 613 2454 nie
637 2399 754 2456 vetuere
780 2399 876 2455 dures.

222 2491 302 2563 Apta
325 2493 363 2548 sit
386 2499 414 2549 et
439 2494 568 2564 quemvis
593 2494 678 2549 telius
703 2508 897 2564 qireeeuinque
922 2490 1065 2561 sepulcre,

177 2604 209 2645 se
270 2586 346 2657 Opto
369 2587 440 2643 inihi
463 2588 603 2644 tuinuluin
627 2588 687 2656 des,
712 2588 838 2659 genitale
863 2587 964 2644 seiuin.

226 2682 325 2738 Patria
349 2699 425 2749 euru,
451 2682 523 2751 vale,
550 2682 616 2739 duni
640 2684 749 2739 rertire
774 2683 868 2738 clarus
891 2680 1013 2737 hebebit

263 2776 345 2833 Albis·
370 2794 468 2848 eques,
495 2778 635 2845 homines,
661 2794 738 2846 arra,
763 2777 857 2833 talete
882 2775 945 2832 sliu!

220 2869 377 2927 Tendimus
401 2871 438 2928 ed
461 2877 560 2942 patres
585 2871 713 2928 resolute
739 2887 870 2941 eernere,
897 2868 1007 2926 Christi

265 2964 389 3036 Spiritus
413 2973 444 3022 nt
470 2967 566 3038 vigent
591 2983 705 3036 semper
728 2971 852 3037 egetque
876 2965 949 3021 sinu.

455 3282 659 3338 MARTINI'S
683 3278 883 3337 BALTICI'S.

219 3410 272 3467 Ad
296 3411 425 3467 emices
450 3410 699 3478 Monacenses,
724 3414 759 3465 ut
785 3408 961 3477 scribant,
987 3407 1116 3479 elegia.

219 3521 307 3594 Signa
330 3523 453 3579 volutati
477 3522 525 3594 qui
549 3523 653 3578 transit
678 3521 820 3591 Cynthius
844 3520 911 3577 atini

262 3614 400 3688 Signiferi
424 3622 520 3674 totuin
546 3633 639 3687 paene
663 3617 775 3687 peregit
800 3615 865 3672 iter.
