2490 4080
225 215 283 271 120
390 229 430 272 ix.
461 229 582 274 ssione
606 231 809 276 narraremus.
857 231 1032 276 nnonuuvs

481 474 639 533 SALOMO
663 475 919 534 FRENZELIVS.

517 621 636 679 Novae
661 621 879 679 Germaniae.

258 730 316 788 Cur
337 732 417 790 Deus
441 749 562 790 aversus
585 731 660 791 tibi?
695 733 827 807 Namque
851 750 954 791 aversa
975 732 1039 789 Deo
1063 750 1154 803 mene,

246 826 248 831 ’
299 826 389 896 Quem
412 828 493 885 varie
516 833 596 886 torta
618 828 760 900 religione
786 829 858 885 colo.

256 919 315 977 Cur
338 938 401 978 sors
425 922 503 979 nulla
525 919 624 979 favet?
660 922 737 992 Quia
761 922 861 980 litibus
886 922 982 978 omnia
1005 923 1099 979 saevis

299 1015 397 1085 Plena,
422 1016 525 1089 quibus
548 1017 626 1074 nullo
652 1023 733 1074 stant
755 1017 832 1075 bona
854 1034 944 1089 regna
965 1017 1040 1074 loco.

227 1109 315 1168 edur
337 1110 435 1168 lacero
457 1111 579 1180 locedia,
604 1113 686 1184 quasi
711 1110 817 1169 flebilis
842 1111 931 1179 exsul,
957 1107 1084 1168 ainictu?

298 1204 382 1274 Quod
405 1206 476 1262 milri
498 1206 625 1264 luxuries
650 1207 817 1278 perniciosa
839 1206 944 1277 placet.

253 1299 311 1357 Sed
335 1317 386 1357 cur
408 1301 560 1358 consilium
583 1300 665 1358 rudis
694 1318 724 1358 es
749 1301 828 1370 dare,
855 1305 1014 1372 cunctaque
1037 1298 1125 1357 finem

299 1394 357 1452 Cur
378 1393 524 1452 funestum
548 1396 632 1465 adeo,
658 1413 731 1469 quae
755 1396 927 1464 modenana,
952 1390 1081 1451 habent?

254 1488 371 1546 Scilicet
393 1490 504 1547 Aonias
528 1491 693 1562 contempsi
716 1490 840 1562 prodiga
863 1506 983 1558 merces

298 1585 421 1658 Otiaque
443 1586 474 1642 in
495 1586 596 1656 primis
620 1586 825 1657 complacuere
847 1584 927 1641 mihi.

211 1698 238 1738 ro
253 1679 301 1736 Sic
324 1680 417 1737 invisa
438 1680 513 1749 Deo,
538 1680 620 1749 sorti,
648 1697 745 1738 rerum
769 1679 895 1736 omniurn
919 1695 1010 1750 egena

294 1773 473 1842 Discrucior,
498 1792 542 1832 me
566 1775 607 1831 nil
630 1792 716 1847 quam
738 1775 815 1831 mala
836 1772 899 1831 fata
920 1777 1048 1830 manent.

251 1867 356 1924 Exitus
380 1874 447 1925 acta
469 1867 588 1940 probat:
616 1869 737 1940 capiunt
762 1868 880 1939 dignum
904 1883 972 1924 orsa
993 1865 1137 1938 laborem3

293 1961 402 2020 Desine
426 1962 518 2034 plura,
545 1968 624 2020 vetat
650 1963 749 2020 dicere
775 1963 858 2034 plura
882 1962 980 2020 dolori

584 2304 811 2363 ANONYMVS.

567 2436 825 2522 Ἐπίπληξις

231 2555 271 2612 ob
301 2571 529 2624 sarcasmum,
565 2572 630 2626 quo
666 2554 819 2612 Carolus
852 2554 986 2622 Nonus,
1022 2552 1161 2610 Galliae

209 2655 1184 2731 tyrannusfuneraChristianorumadlatraredicitur.

240 2770 282 2827 .In
305 2775 387 2828 tanto
412 2769 521 2826 scelere
545 2774 631 2841 atque
655 2766 776 2825 infanda
800 2768 889 2825 caede
912 2773 1037 2836 tuorum,

294 2864 406 2933 Carole‚
431 2869 460 2922 te
483 2863 579 2922 verbis
602 2864 703 2921 ludere
728 2880 827 2920 rumor
850 2863 899 2932 ait,

251 2958 378 3033 Cumque
400 2964 469 3025 tuae
491 2960 600 3030 passim
623 2958 776 3015 submersa
799 2957 943 3014 cadavera
964 2955 1058 3029 plebis

291 3053 397 3111 Volvat
418 3055 450 3112 in
471 3070 631 3127 aequoreas
655 3052 790 3125 Sequana
813 3051 906 3108 tristis
929 3067 1028 3124 aquas,
1061 3056 1064 3061 '

219 3149 292 3210 eTu
313 3149 409 3221 pisces
432 3148 489 3206 illis
512 3149 598 3218 vesci,
623 3149 671 3220 qui
695 3146 833 3204 mandere
856 3146 952 3218 pisces
1038 3199 1039 3202 ,

290 3243 445 3301 Noluerint
466 3243 560 3301 Roma
582 3243 791 3315 praecipiente,
817 3240 917 3299 refers.

245 3338 394 3410 Inlepidus
417 3339 498 3395 iocus
523 3343 644 3395 estnec
670 3337 775 3408 dignus
798 3335 928 3407 principe
952 3351 1056 3403 senno,

290 3433 346 3503 Qui
367 3433 467 3504 populi
490 3433 598 3504 gaudet
619 3433 787 3503 perditione
811 3430 864 3487 sui.

247 3528 310 3585 Rex
332 3528 425 3585 bonus
449 3527 486 3584 ad
509 3544 618 3599 poenas
641 3527 731 3598 gemit
755 3530 785 3582 et
807 3524 933 3597 suspiria
956 3523 1044 3593 ducit,

203 3641 231 3681 1o
290 3621 361 3678 Cum
385 3621 502 3679 cohibet
525 3622 602 3678 cives
627 3618 795 3678 carnificina
818 3636 893 3687 reos,
