2490 4080
365 220 408 265 11.
435 219 594 267 aerumans
617 219 859 270 unnanouraou.
1057 205 1113 262 107

225 395 274 454 Sic
295 396 388 468 inquit
411 400 548 487 1111111911,
574 397 724 468 ‘eripuisse
747 394 864 469 potest'

181 491 265 549 Haeo
287 491 433 563 promittit
456 508 541 563 opem
563 491 648 550 nobis
673 498 703 549 et
724 496 855 563 pectora,
880 495 912 546 111
934 506 952 547 a
974 494 1004 546 te

133 606 163 646 lo
224 586 331 642 Ausint
353 585 490 642 auxilium
513 603 645 657 poscere,
669 592 771 643 nostra
792 589 898 643 movet.

180 679 220 737 vt
243 695 340 738 serves
363 680 461 752 igitur,
487 681 561 738 votis
584 685 613 738 te
637 680 807 738 ardentibus
831 696 892 748 oro,

224 774 358 847 Agmina,
383 791 456 846 quae
479 775 551 847 legis
575 780 642 832 sunt
665 775 797 832 studiosa
819 778 897 843 tuae,

182 868 305 948 Semper
324 874 358 926 ut
380 869 490 941 agnitio
514 870 652 927 mortales
676 869 771 927 luceat
793 868 879 937 inter,

224 963 364 1022 Mensura
387 970 507 1022 aeterno
531 970 672 1037 tempore,
697 980 767 1022 vera
789 963 840 1020 tui.

165 1238 204 1295 In
230 1237 391 1309 effigiem
413 1239 562 1297 Ioannis
585 1238 768 1297 Friderici
792 1237 891 1295 ducis
915 1236 1092 1294 Senoniae

207 1341 382 1400 electoris
406 1343 564 1401 tenentis
588 1359 688 1400 manu
709 1341 897 1400 flosculum
921 1339 1048 1397 violae.

179 1470 305 1529 Hieme
328 1468 383 1529 flos
406 1471 510 1542 violae,
536 1471 640 1530 dextra
663 1488 748 1544 quam
771 1475 865 1544 gesto,
890 1468 1002 1526 caduca

221 1565 267 1623 De
289 1571 392 1623 nostra
413 1572 513 1623 monet
535 1571 565 1624 et
588 1565 739 1624 debilitate
763 1566 858 1624 docet.

180 1659 331 1718 Flosoulus
355 1660 403 1718 hic
424 1661 539 1719 redolet
560 1660 661 1718 nitidis
684 1661 895 1734 pulcherrimus
919 1658 1022 1728 hortis,

222 1754 263 1812 Et
285 1759 383 1813 temen
405 1756 510 1828 exiguo
534 1760 666 1828 tempore
691 1755 777 1813 durat
799 1755 882 1813 odor.

151 1848 228 1908 asic
249 1866 297 1906 res
321 1849 461 1907 humanas
483 1849 595 1923 fragilis
618 1850 736 1909 fortuna
758 1850 910 1923 gubernat,

223 1944 367 2016 Tempore
390 1944 433 2001 sic
455 1945 587 2003 homines
610 1934 745 2019 stantque
770 1944 932 2016 caduntque
955 1945 1047 2004 brevi.

180 2039 231 2097 Ille
255 2056 319 2111 ego,
344 2039 392 2111 qui
415 2039 559 2111 quondam
581 2039 652 2097 felix
674 2057 740 2098 mea
762 2057 854 2112 regna
877 2039 1021 2108 tenebam,

221 2133 278 2192 Hic
299 2133 349 2191 ubi
373 2133 534 2191 Saxonicos
557 2134 664 2207 inrigat
687 2133 771 2192 Albis
795 2150 891 2206 agros,

181 2227 268 2287 Cuius
292 2234 356 2286 erat
378 2233 472 2286 totum
496 2229 686 2287 celeberrima
707 2227 786 2287 fama
808 2246 861 2300 per
884 2228 992 2298 orbem,

136 2343 164 2384 10
222 2323 307 2394 Quod
329 2324 462 2396 regerem
484 2323 607 2395 populos
632 2340 696 2380 cum
718 2323 829 2395 pictate
852 2339 942 2392 meos,

178 2416 290 2490 Quique
314 2434 368 2489 ego
390 2434 444 2489 pro
467 2417 564 2490 patria
585 2419 717 2490 pugnans
741 2424 770 2475 11
794 2417 931 2490 dogmata
955 2434 1038 2476 saera

217 2509 386 2571 Defendcns
410 2512 519 2570 clarum
541 2529 647 2570 nomen
669 2511 775 2586 ubique
798 2512 860 2585 11111,

178 2605 263 2664 Nunc
286 2623 331 2664 me
356 2607 501 2679 captivum
523 2611 605 2665 tonet
627 2607 710 2676 alter,
735 2611 765 2664 ct
788 2607 899 2679 optima
921 2608 1005 2670 nobis

222 2699 294 2758 Cum
316 2701 435 2758 sitnon
458 2701 516 2759 ullo
540 2718 628 2759 causa
651 2706 751 2759 tuente
773 2702 858 2773 perit.

135 2813 163 2856 15
178 2795 282 2867 Erepti
304 2793 400 2853 fasces
424 2800 454 2852 et
475 2796 570 2853 inanis
593 2796 687 2869 gloria
709 2795 818 2865 mundi,

221 2888 279 2947 Sed
300 2890 445 2962 placuisse
467 2890 518 2948 uni
540 2887 675 2961 praefero
698 2906 785 2961 posse
809 2888 881 2957 Deo,

177 2984 218 3042 Et
239 3001 305 3042 mea
328 2984 475 3057 dependet
496 2998 573 3041 nuno
596 3000 613 3042 a
636 2989 664 3041 te
687 2983 788 3056 gloria,
814 2982 940 3051 Christe,

193 3095 196 3099 ·
221 3078 306 3149 Quod
328 3095 396 3151 pars
420 3096 483 3136 sum
506 3079 588 3152 regni
611 3078 872 3150 quantulacumque
896 3077 948 3146 tui,

176 3173 274 3247 Teque
297 3191 412 3246 precor,
437 3166 532 3231 dubiis
556 3173 648 3231 addas
673 3173 783 3230 solacia
805 3173 893 3231 rebus

133 3286 162 3328 ao
219 3268 260 3326 Et
283 3269 354 3327 mihi
378 3268 495 3327 deserto
518 3268 589 3325 mite
611 3268 743 3326 levamen
766 3267 845 3326 ades,
