2490 4080
463 227 527 271 ultr.
556 228 714 273 ururmvs
736 226 893 272 BAL'I'IGVS.

276 404 408 461 Turbarrs
433 410 461 462 et
484 407 566 476 regui
588 406 738 477 religionis
763 421 845 475 epus,

232 501 292 557 lam
318 500 390 556 ratis
414 498 533 556 adflicta
556 506 600 556 est
624 518 676 571 per
699 506 727 555 te
750 497 912 570 plebecula,
938 497 1016 553 eires

189 616 216 655 m
275 594 419 650 Exlrausti
443 594 495 649 tibi
519 595 576 650 iam
601 600 666 650 suut
691 598 887 664 superatque
911 592 993 647 satis.

232 690 283 745 Sat
308 688 439 744 dedimus
456 706 574 758 peenas,
599 690 717 746 nimium
735 694 780 744 est.
797 686 851 743 tibi
867 685 1016 755 sanguinis
1032 685 1178 742 haustum

276 783 406 849 lrmeeui,
431 781 495 838 lura
519 800 594 839 nurru
617 785 684 840 ltine
708 783 803 839 aliena
826 780 908 851 pete!

234 878 279 934 ild
302 877 423 933 'lanam
447 878 490 933 vel
514 877 550 934 ad
575 884 721 934 extrenum
746 877 938 934 Garamantas
962 873 1054 943 abitu,

274 974 335 1027 ,lut
357 972 381 1026 si
405 989 475 1042 gem
499 989 659 1044 quaequam
682 973 797 1042 turpior
821 987 884 1027 ease
907 974 1015 1040 petest.

190 1088 217 1127 ta
234 1068 318 1122 llaue
342 1067 452 1122 erue-ies
477 1066 589 1123 ‹liseera
613 1067 680 1123 huie
703 1067 884 1138 inspiresque
908 1080 1050 1120 venenum

275 1160 315 1216 Et
338 1161 427 1216 elisee
452 1162 541 1228 eaelo,
568 1163 592 1217 si
615 1162 692 1230 lieet,
717 1162 776 1217 ima
799 1158 902 1216 maris!

234 1254 292 1311 Sed
316 1255 432 1326 gemtor
454 1256 556 1311 statuit
581 1255 742 1325 deperdere
766 1253 906 1310 'l'eutenis
930 1269 997 1309 uras

278 1354 374 1420 Atque
399 1367 488 1420 epera
511 1350 541 1405 iu
564 1350 665 1421 primis
689 1351 782 1406 utitur
805 1349 853 1405 ille
878 1354 935 1414 tua,

232 1445 349 1501 Seilieet
372 1445 446 1500 haue
469 1461 556 1500 uuum
581 1445 727 1500 umidum
753 1444 849 1500 celere
874 1450 959 1512 atque
984 1441 1095 1498 decere

190 1560 218 1599 ue
277 1539 380 1606 Sentit,
405 1539 436 1594 id
459 1540 572 1594 irriseris
596 1539 705 1595 inridet
730 1539 777 1594 ille
801 1537 904 1593 raedis.

233 1635 311 1701 Erue
334 1633 431 1689 lrerrrit
456 1633 549 1688 dirum
574 1633 685 1690 vinetus
710 1632 880 1702 ruerdetque
904 1636 1021 1686 eatenus

277 1729 317 1784 Et
341 1728 449 1783 (luisti
473 1728 610 1798 pupulum
634 1728 767 1784 srimlere
790 1742 877 1798 pesse
902 1724 988 1795 eupit,

233 1825 360 1893 (Tumque
384 1839 451 1877 suas
474 1828 599 1892 nequeat
622 1823 697 1879 vires
722 1822 855 1877 emittere
878 1820 972 1890 plene,

275 1916 393 1973 Emittit
416 1916 546 1972 subulam
570 1923 607 1983 te,
632 1917 706 1973 male
730 1933 810 1976 sana.
835 1931 925 1971 suam.

191 2032 219 2073 aa
236 2013 275 2068 itt
297 2017 326 2068 te
350 2011 526 2082 praecipitet
549 2011 601 2067 sul»
625 2028 714 2082 aquas
735 2011 842 2081 sqpis,
866 2008 942 2065 unde
965 2006 1102 2078 prefacta
1126 2025 1172 2077 eS,

276 2106 404 2178 Angelus
429 2111 458 2161 et
482 2111 581 2162 uestro
604 2107 694 2176 pellat
718 2104 754 2161 ab
779 2104 850 2162 erbe
873 2103 943 2172 Dei3

239 2202 285 2258 Sir
309 2202 423 2272 patriae
448 2217 547 2256 liumus
571 2201 688 2256 rement
711 2216 795 2256 saera
819 2198 970 2255 commoda
992 2196 1084 2268 pauiu,

278 2295 432 2352 'l'eutmriei
454 2295 524 2351 t'elix
549 2302 576 2351 et
601 2299 695 2350 ¹<tatus
720 2294 798 2351 erbis
823 2294 887 2350 erit.

235 2391 345 2446 llxtera
368 2407 425 2445 nen
450 2390 546 2445 reniet.
568 2389 673 2460 gladiis
697 2406 767 2459 qaus
791 2388 849 2444 ulla
874 2387 1010 2455 eruentiS,

191 2507 219 2541 m
278 2485 340 2539 Nee
364 2484 478 2551 caedes,
504 2484 578 2551 lites,
603 2483 680 2540 bella
702 2500 755 2540 nec
780 2484 856 2539 ensis
881 2487 973 2538 erunt.

236 2579 315 2634 llaec
338 2584 366 2634 et
389 2578 473 2648 plura
497 2578 614 2633 trahem
638 2580 695 2635 imo
720 2578 846 2650 suspiria
871 2576 958 2632 eorde

275 2673 307 2727 lu
331 2672 440 2728 cellares
464 2671 554 2728 funde
577 2673 667 2729 rerba
691 2674 801 2730 caduca
824 2676 920 2727 nutris,

237 2771 274 2823 .lt
298 2784 363 2823 mea
387 2767 411 2822 si
435 2772 562 2824 vestram
584 2768 678 2838 tangit
700 2767 850 2823 irriseratie
875 2770 1009 2832 merdam,

275 2862 357 2918 llaee
380 2862 404 2917 si
427 2880 472 2919 me
496 2879 565 2919 rere
590 2863 709 2918 ereditis
735 2879 784 2918 ere
807 2861 894 2932 loqui,

190 2977 217 3016 ea
234 2958 307 3025 llue,
332 2974 445 3027 precer,
471 2974 488 3013 a
512 2964 608 3013 restra
632 2957 729 3011 reniet
753 2957 810 3013 rite
834 2956 933 3011 littera
956 2954 1069 3020 dextra,

276 3052 333 3107 Seu
357 3052 432 3107 mala
456 3053 494 3107 sit¹
516 3053 638 3122 pmtriae,
664 3068 715 3105 seu
738 3050 815 3106 berra
837 3049 931 3105 ferma
955 3063 1046 3104 meae.

233 3148 275 3202 Ne
299 3146 418 3201 niarium
441 3146 538 3202 multis
561 3162 626 3201 mea
650 3150 763 3201 creseat
787 3144 912 3215 epistula
935 3141 1040 3209 rerbiS,

276 3241 369 3296 Vivite
393 3241 493 3297 t'elieea¹
518 3246 630 3310 tempus
654 3240 683 3294 iu
708 3257 792 3295 eume
815 3255 929 3309 precer.
