2490 4080
141 245 160 304 8
332 307 335 311 ,
443 258 463 304 1.
493 259 647 306 onoaorvs
670 260 806 307 saumas

181 435 223 492 Te
247 453 358 508 quoque
382 436 457 492 vatis
480 435 575 493 adhuc
598 437 656 493 illic
679 438 844 495 meminisse
867 437 968 495 Sabini

224 530 308 587 Duco
331 547 385 588 nec
409 530 529 587 oblitum
552 533 676 589 nominis
700 550 764 589 esse
787 533 852 589 mei.

184 624 251 696 Ipse
275 625 327 682 sed
350 642 367 682 a
390 625 494 682 vestris
518 626 602 697 longo
626 644 690 683 cum
713 626 818 684 finibus
842 627 944 697 absim,

226 720 316 777 Forte
341 720 487 791 quidhoc
510 737 607 777 rerum
630 727 760 793 tempore
783 722 898 793 quaeris
922 739 1019 791 agam:

142 831 171 872 25
187 812 311 871 Deditus
334 814 468 872 incumbo
493 815 606 884 studiis,
632 816 734 887 quibus
758 822 825 873 ante
849 816 986 885 solebam,

230 909 268 964 At
291 926 343 965 sua
366 927 411 966 me
435 910 628 980 captum-sub
650 911 718 981 iuga
741 911 831 967 traxit
854 928 943 968 amor.

185 1001 303 1059 Scilicet
325 1003 465 1074 Euganea
489 1021 553 1060 cum
576 1022 668 1075 nuper
690 1005 727 1062 ab
750 1005 822 1062 urbe
845 1022 978 1062 reversus

227 1097 300 1165 Huc,
324 1097 374 1154 ubi
397 1098 543 1169 populifer
564 1098 673 1156 labitur
694 1099 778 1156 Albis
802 1117 890 1168 eram,

183 1190 333 1262 Aligerum
356 1193 464 1249 ducens
488 1193 593 1250 adme
618 1194 672 1250 dea
696 1193 803 1266 Cypria
826 1199 924 1251 natum

140 1300 170 1344 so
229 1286 316 1343 Venit
339 1293 368 1343 et
391 1287 435 1343 his
457 1287 573 1344 blandis
597 1289 715 1345 vocibus
738 1306 791 1345 usa
814 1288 882 1345 fuit:

184 1380 298 1437 ‘Matris
321 1382 473 1439 Acidaliae
496 1399 627 1454 puerum,
652 1384 800 1440 carissime
824 1389 916 1451 vates

225 1474 354 1548 Suscipc,
379 1477 536 1549 discipulus
561 1478 649 1535 debet
671 1479 695 1533 is
719 1495 783 1535 esse
806 1483 882 1534 tuus.

184 1568 260 1626 Nolo
283 1571 473 1629 Machaonios
498 1572 601 1640 discat,
626 1590 696 1644 quas
721 1573 842 1641 odimus,
868 1578 946 1629 artes

227 1665 295 1722 Iura
318 1683 370 1724 neo
393 1666 488 1723 insani
510 1667 640 1738 litigiosa
663 1666 729 1735 fori,

142 1775 171 1818 85
187 1757 245 1816 Sed
267 1765 318 1817 tua
341 1762 461 1817 miratus
484 1760 628 1818 facundae
653 1761 781 1818 carmina
804 1760 907 1817 Musae

225 1854 329 1912 Discat
351 1857 381 1912 in
404 1856 532 1912 alternos
556 1873 660 1927 cogere
683 1855 773 1912 verba
795 1854 894 1926 pedes.

185 1947 386 2021 Compensabo
410 1950 464 2007 tibi
487 1951 564 2006 iusta
587 1951 721 2008 mercede
744 1949 888 2007 laborem:

227 2045 376 2102 Basiolum
398 2061 510 2101 meroes
534 2044 693 2102 erudientis
718 2043 793 2102 crit’

185 2138 322 2211 Dixerat3
347 2141 464 2197 intueor
485 2157 607 2210 puerum
630 2141 788 2211 matrisque
811 2138 942 2211 rogantis

145 2251 174 2294 40
232 2235 354 2306 Accipio
377 2240 465 2305 pacta
488 2235 659 2292 condicione
682 2251 793 2306 proces.

185 2329 279 2401 thue
303 2329 423 2386 daturus
447 2346 527 2386 erum
549 2334 708 2401 praecepta
730 2328 870 2400 magister
892 2326 993 2393 amori,

228 2424 296 2480 Non
317 2424 384 2480 tulit
405 2424 519 2495 imperii
542 2422 625 2481 frena
648 2422 761 2495 Cupido
784 2422 850 2492 mei,

185 2517 298 2575 Eduxit
320 2519 460 2590 pharetra
483 2519 534 2575 sed
558 2522 658 2575 acutas
681 2518 729 2574 ille
753 2517 885 2588 sagittas,

229 2613 340 2670 Nostra
363 2613 465 2686 quibus
488 2618 643 2685 postquam
665 2617 787 2684 pectora
808 2610 882 2679 fixit,
907 2609 961 2667 ait:

144 2726 172 2768 45
187 2708 261 2765 ‘Hoc
284 2726 371 2780 grave
394 2712 475 2781 virgo
499 2708 553 2765 tibi
576 2712 660 2778 patre
682 2713 751 2764 nata
767 2705 992 2763 Melanohthone
1012 2702 1119 2759 vulnus

229 2804 342 2874 Leniet‚
367 2805 525 2862 indomitus
549 2802 627 2875 quod
650 2802 703 2858 tibi
725 2801 797 2858 fecit
819 2798 930 2857 Amor'

190 2900 326 2957 Protinus
350 2901 461 2971 ingenti
484 2915 639 2955 succensus
663 2913 761 2953 amoro
785 2895 907 2967 puellae,

229 2994 325 3052 Ardet
346 3000 379 3051 ut
401 2994 520 3051 inducto
545 2991 653 3048 sulfure
677 2991 773 3058 taeda,
797 2989 839 3047 fui

187 3089 250 3146 Nec
273 3106 356 3146 secus
379 3088 486 3145 ambivi
509 3087 644 3158 precibus
668 3085 821 3153 corurubia‚
845 3082 939 3141 fessus

145 3202 173 3245 ao
232 3184 323 3254 Quam
347 3183 435 3255 gelidi
459 3199 560 3239 cerrus
584 3180 710 3238 fluminis
734 3184 816 3250 optat
840 3195 943 3250 aquas3

189 3278 368 3337 Obtestabar
390 3293 490 3334 amans
513 3276 593 3332 illam
616 3275 769 3346 verbisque
792 3272 932 3345 rogabam

181 3387 184 3392 '
230 3373 363 3431 Talibus:
389 3371 422 3428 ιΟ
446 3371 536 3442 virgo,
561 3387 635 3442 quae
657 3369 728 3425 milri
751 3369 812 3425 sola
835 3369 942 3439 places

186 3469 240 3526 His
263 3484 368 3539 precor
391 3483 484 3538 acqua
508 3465 579 3522 meis
603 3463 772 3521 ardentibus
796 3463 891 3519 adnue
915 3459 999 3527 votis

232 3563 361 3635 Sponsus
385 3567 415 3618 ut
439 3561 574 3632 amplexu
597 3558 740 3630 perfruar,
765 3558 859 3625 Anna,
884 3562 943 3612 tuo.

133 3657 233 3716 raMo
257 3657 380 3729 dignare
405 3661 470 3715 toro
495 3672 549 3714 nec
572 3659 721 3713 amantem
741 3652 870 3722 despice,
893 3648 1022 3720 uuanrvis
