2490 4080
447 210 488 256 lx.
515 209 657 255 avarolvs
679 208 806 258 CORDVS.

133 409 167 450 ⁴25
184 388 310 446 Advolat
334 392 363 444 et
387 387 466 444 claro
489 385 648 458 fugientem
670 404 746 459 pone
770 389 878 447 latratu

183 483 357 556 Insequitur,
382 481 475 539 donec
498 482 654 552 repetitum
679 489 764 555 cogat
787 484 816 541 in
838 501 951 557 agmen.
1043 505 1045 508 ·

521 616 725 688 Polyphemus.

182 725 266 782 Nunc
289 721 366 790 audi,
390 721 498 778 iustum
521 721 582 777 scio
606 716 640 777 te
658 738 716 778 non
740 722 837 780 dicere
860 722 978 794 lactum,

183 818 277 876 Multa
300 817 370 873 licet
391 814 475 872 festis
499 831 590 886 opera
614 831 751 874 exercere
775 817 888 886 diebus,

183 914 263 984 Quae
287 910 403 968 differre
426 914 522 978 nocet,
546 926 601 967 nec
623 909 668 967 fas
691 927 745 967 nec
768 912 832 970 iura
855 914 1004 987 resistunt,

132 1029 165 1071 30
180 1009 219 1065 Vt
240 1005 389 1064 madidum
413 1003 501 1061 dubio
524 1002 640 1061 faenum
664 1022 836 1078 suspergere
860 1008 924 1077 soli,

181 1106 343 1174 Aegrotum
367 1115 469 1157 curare
492 1115 591 1170 pecus,
615 1099 726 1157 siccare
749 1103 876 1171 novales,
925 1124 927 1128 ³

94 1216 96 1220 ·
183 1197 326 1254 Claudere
348 1193 500 1266 migrantis
523 1191 675 1264 fugitivam
698 1196 838 1254 examinis
862 1214 947 1255 uvam

181 1292 221 1349 Et
243 1289 376 1347 veniente
400 1292 483 1345 aestu
506 1304 641 1359 rumpens
665 1304 766 1346 arcere
789 1288 938 1360 fluentum,

182 1386 286 1458 Sicque
309 1383 356 1440 vel
378 1370 571 1440 ad'sanctum
595 1386 691 1439 crates
715 1387 907 1456 transponere
930 1388 1049 1458 pascha,

136 1501 167 1542 as
183 1480 214 1538 si
236 1479 324 1537 modo
348 1482 394 1535 sat
415 1477 537 1550 pingues
560 1470 681 1548 putrent
702 1478 810 1550 uligine
833 1479 944 1550 glebae.

182 1574 266 1645 Quod
289 1579 387 1631 tamen
410 1571 466 1629 hoc
489 1587 573 1628 sacro
597 1570 710 1628 Mariae
735 1571 787 1629 sub
811 1589 931 1645 vespere
955 1573 1012 1632 feci

180 1670 353 1741 Exigucque
377 1682 458 1723 meos
481 1682 606 1737 perones
629 1667 755 1738 unguine
778 1668 843 1737 levi,

181 1765 247 1823 Non
271 1762 356 1820 alit-er
379 1777 464 1834 quam
487 1760 511 1817 si
535 1760 618 1818 divos
642 1761 828 1835 Erebumque
851 1779 1012 1836 negassem,

182 1860 229 1917 Ad
252 1857 318 1915 fora
341 1857 503 1914 resciscens
525 1872 619 1927 nuper
640 1873 686 1915 me
709 1857 789 1915 Naso
814 1859 924 1930 citavit,

136 1974 167 2016 40
182 1955 261 2012 Naso
286 1951 472 2009 sacerdotum
494 1951 696 2022 nequissimus,
722 1969 795 2009 unus
814 1954 966 2025 'agrestum

183 2049 248 2106 Hoo
270 2047 301 2103 in
322 2062 389 2103 rurc
412 2050 515 2113 metus
539 2044 581 2101 nil
604 2062 707 2103 curans
730 2047 849 2103 numina
871 2048 968 2116 iudex,

182 2143 223 2200 Et
244 2141 301 2199 nisi
324 2140 449 2212 quinque
472 2139 571 2196 darem
594 2140 686 2210 gallos
710 2144 740 2196 et
762 2144 900 2212 quattuor
922 2159 1022 2214 agnos,

182 2237 232 2293 Me
255 2234 347 2293 voluit
368 2233 452 2290 vetiti
474 2232 630 2303 prohibere
654 2250 671 2290 a
693 2233 791 2291 limine
814 2235 922 2306 templi.

182 2329 231 2387 Nil
253 2347 298 2386 1110
321 2326 392 2385 flere
415 2344 521 2397 meum,
544 2327 671 2384 mesnil
694 2329 874 2399 querimonia
896 2330 979 2400 iuvit,

136 2444 168 2486 45
183 2424 260 2495 Quin
282 2423 370 2480 hodic
393 2422 468 2479 hanc
491 2421 617 2478 monitus
641 2421 769 2494 cogebar
791 2424 903 2481 solvere
926 2426 1055 2484 multam.

183 2518 267 2589 Quod
289 2517 364 2575 male
388 2516 417 2575 111
440 2520 564 2586 vertant,
589 2521 621 2573 ut
642 2517 753 2589 primae
777 2535 890 2577 morsus
914 2518 1017 2578 ofellae

183 2614 265 2672 Mors
289 2613 328 2670 sit
351 2618 381 2670 et
403 2611 535 2670 occlusas
560 2611 683 2669 suffocet
704 2612 815 2672 buccea
837 2613 945 2673 lauces.

566 2748 689 2821 Sylvius

182 2853 258 2923 Quiri
280 2854 361 2910 iuvat
383 2852 440 2910 iste
463 2851 553 2920 furor,
578 2851 646 2924 quid
669 2856 752 2910 tanto
776 2853 944 2911 accenderis
968 2855 1072 2913 aestu?

180 2947 299 3005 Talibus
322 2947 399 3005 adde
422 2945 540 3003 modum
562 2943 691 3022 (pariunt
713 2945 909 3025 incommoda)
932 2949 1038 3020 vorbis,

136 3061 168 3103 ao
182 3042 227 3101 Ne
250 3042 379 3100 tacuisse
402 3040 487 3099 velis:
511 3057 569 3098 non
593 3044 638 3098 est
660 3040 826 3100 revocabile
850 3042 968 3100 dictum.

525 3168 728 3241 Polyphemus.

182 3272 262 3342 Quae
286 3275 390 3347 loquor
412 3274 469 3343 hic,
492 3271 552 3330 fido
577 3272 632 3330 soli
655 3272 708 3331 tibi
733 3275 820 3333 credo
844 3275 949 3334 sodali.

557 3400 687 3475 Sylvius.

181 3503 256 3561 Esse
279 3504 361 3562 scias·
378 3522 513 3578 magnum
537 3505 628 3562 sacris
651 3507 825 3566 maledicere
850 3507 968 3580 crimen,

181 3597 274 3667 Quale
297 3599 485 3658 sacerdotum
508 3616 599 3672 genus
623 3589 796 3671 estalenta
818 3603 938 3662 oleorum
981 3659 984 3663 ,

928 3720 959 3772 7*
