2490 4080
206 244 246 305 54
286 259 330 304 ΠΙ.
353 257 529 303 nioouuuvs
549 257 763 304 FRISGIILINVS.
787 256 951 303 normanus
967 257 1159 304 carrorum.

247 435 433 505 Quinetiam
457 435 533 493 sacri
557 434 672 507 quando
696 451 802 492 venere
827 433 887 492 diei

288 530 441 602 Tempora,
468 547 532 587 eum
555 537 655 587 noster
678 530 739 587 otia
763 534 864 587 coetus
887 528 990 586 habet!

204 643 232 684 55
247 625 319 682 Tres
344 642 397 696 ego
422 625 574 682 continuas
599 624 688 681 tribui
712 623 894 682 sermonibus
917 623 1005 681 hores

288 720 524 791 Socraticamque
547 720 586 776 ivi
610 736 663 791 per
684 737 786 777 nemus
810 736 894 777 omne
918 719 1002 777 viam

244 814 372 871 Assiduo
397 815 439 871 sic
462 832 507 871 me
530 816 671 871 iactatum
694 831 764 872 cura
786 814 888 872 labore

287 909 419 965 Abstulit
441 925 458 964 a
481 908 574 965 Musis
598 909 637 966 ad
659 909 795 980 graviora
818 909 899 966 meis.

244 1002 390 1075 Quidquid
413 1004 443 1059 in
465 1004 510 1060 his
533 1004 624 1075 igitur
646 1005 757 1075 poteris
780 998 957 1075 reprendere
980 1003 1074 1074 libris,

200 1116 228 1157 oo
286 1098 321 1154 Id
344 1099 457 1170 eulpam
480 1099 577 1171 exigui
600 1100 740 1170 temporis
765 1115 829 1157 esse
852 1105 931 1170 puta.

244 1192 301 1250 Sed
325 1193 362 1250 da
384 1211 437 1265 pro
462 1198 573 1265 septem
597 1198 733 1266 septenos
757 1194 904 1251 mensibus
932 1210 1023 1251 aiiuos

287 1286 334 1344 Sie
357 1305 476 1345 munero
501 1288 582 1344 libris
607 1289 797 1345 conveniente
820 1289 901 1345 meis.

241 1380 288 1439 Da
310 1383 379 1439 mihi
404 1388 512 1455 quanta
536 1382 589 1439 tibi
613 1380 684 1439 fecit
706 1382 786 1439 Deus
810 1384 872 1440 otia
895 1382 1013 1453 Caesar,

286 1477 397 1549 Ingenii
420 1479 497 1534 uires
521 1478 674 1550 experIere
697 1479 762 1535 mei.

197 1589 225 1631 65
240 1570 379 1629 Forsitan
401 1572 501 1629 inoudi
525 1589 588 1629 oum
611 1589 716 1642 pravos
740 1572 865 1629 reddere
888 1589 989 1630 versus

284 1665 373 1737 Inque
397 1684 487 1723 annos
512 1666 631 1724 dabitur
653 1668 763 1738 scripta
786 1666 896 1724 referre
919 1684 1032 1737 novem,

239 1759 388 1818 Maturum
412 1761 544 1817 censebis
569 1778 641 1832 opus
663 1762 823 1834 meliusque
845 1761 1002 1833 placebunt

283 1855 395 1912 Iudicio
420 1860 450 1912 et
471 1856 557 1913 limae
582 1857 711 1913 carmina
733 1861 835 1913 nostra
858 1862 934 1913 1555.

240 1948 357 2006 Interea
380 1949 482 2007 volitet
504 1955 598 2007 totum
621 1955 672 2007 155
694 1949 773 2007 fama
794 1967 848 2022 per
870 1951 970 2009 orbem

194 2059 222 2103 uo
280 2043 319 2100 Et
342 2043 566 2116 Wirtembergis
590 2049 619 2102 15
642 2062 707 2102 mea
730 2061 845 2115 semper
868 2051 953 2116 amet,
1040 2109 1041 2112 Ἴ

238 2138 279 2195 Τ5
303 2139 387 2211 colat,
411 2139 555 2207 observet,
582 2157 696 2210 semper
718 2139 773 2196 tibi
796 2140 896 2198 dedita
923 2140 1016 2197 subsit

278 2233 319 2290 Et
340 2234 446 2306 perdat
469 2251 577 2291 naevos
601 2239 630 2291 te
652 2234 781 2306 poliente
804 2252 881 2292 suos.

441 2558 654 2615 NATHANVS
679 2558 923 2616 CHYTRAEVS.

639 2697 721 2754 Lux.

232 2795 255 2854 Ο
279 2797 356 2854 bona
379 2797 437 2866 lux,
462 2817 478 2855 o
503 2800 586 2856 dulee
610 2799 703 2867 iubar,
728 2797 777 2856 fax
800 2798 916 2870 publiea
938 2799 1047 2869 mundi,

231 2890 255 2949 0
278 2891 390 2963 lampas
415 2893 496 2962 55511,
522 2895 609 2962 salve,
635 2910 651 2949 o
675 2893 724 2949 lux
747 2909 845 2962 aurea,
874 2893 962 2963 salve,

230 2985 386 3058 Depultrix
410 2987 514 3056 noetis,
539 2989 633 3044 luctus
658 2988 822 3060 trepidique
845 2989 973 3046 tImoris!

231 3080 330 3138 Mater
352 3081 495 3138 Alotbeae
518 3082 634 3150 victrix,
658 3081 784 3139 formido
807 3083 953 3141 latronum

203 3175 273 3233 5111
295 3174 391 3232 furum
414 3175 500 3245 iusta,
526 3193 542 3232 o
567 3193 651 3248 quam
674 3176 750 3233 bella
773 3182 803 3233 et
825 3179 946 3249 pulchra
968 3177 1112 3252 refulges!

232 3270 325 3339 Quam
349 3270 410 3326 sine
434 3274 463 3324 te
487 3270 527 3326 nil
550 3275 618 3326 sunt
640 3276 703 3328 toto
726 3272 848 3342 pulchra
871 3274 968 3331 omnia
989 3275 1114 3333 mundo!

510 3458 664 3515 Mimanti
688 3460 840 3517 exilium.

228 3561 357 3618 Exilium
380 3560 449 3616 mihi
473 3562 542 3633 quid
564 3563 643 3618 tristi
668 3565 834 3636 extorrique
858 3562 998 3622 minaris?

217 3655 287 3714 Hoe
308 3656 450 3716 minitare
474 3657 550 3728 aliis,
577 3657 627 3732 qui
648 3657 692 3715 nii
711 3658 771 3715 uisi
790 3663 891 3716 terrea
912 3665 1015 3716 ouraut
