2490 4080
441 267 460 310 I.
484 267 638 313 enoaetvs
661 266 797 312 SABINVS.
885 265 886 268 ’

219 441 263 499 Sit
286 448 336 499 tua
360 443 512 502 candidior
536 461 658 516 corpore
681 443 776 502 forma
797 462 876 502 meo:

177 535 330 595 Olaudicat
353 555 387 595 ac
410 539 487 595 tristi
510 538 631 611 fuligine
655 539 799 597 Mulciber
821 540 931 608 horret,

220 633 300 689 illius
322 633 386 705 ipsa
408 638 506 691 tamen
528 634 637 706 gaudet
659 651 758 692 amore
781 635 887 692 Venus.

177 728 217 783 At
239 733 351 785 mutata
374 729 487 800 nigrum
512 730 595 786 duxit
618 746 683 786 mea
705 729 799 786 forma
823 730 958 798 colorem,

134 837 163 880 60
221 822 308 879 Haud
331 822 404 880 adeo
428 840 521 895 nuper
543 823 641 880 fuscus
666 829 695 881 et
717 829 782 881 ater
805 841 897 896 eram3

175 915 325 988 Lampade
347 935 394 975 me
417 917 562 986 Phoebus
586 935 631 975 me
654 919 764 991 frigore
789 916 900 974 Caurus
924 919 1045 987 adussit,

220 1012 298 1069 Acer
320 1012 432 1069 adhaec
455 1029 543 1069 saeva
566 1029 611 1069 me
634 1013 698 1071 face
722 1018 816 1071 torret
839 1030 929 1071 amor.

176 1105 302 1163 Dotibus
325 1107 387 1178 ipse
411 1112 509 1165 tamen
530 1108 641 1179 magnis
665 1109 737 1165 liaeo
759 1125 850 1180 parva
873 1108 1001 1179 rependo

219 1200 341 1270 Damna,
365 1202 525 1259 Meduseae
548 1203 642 1274 gloria
666 1202 748 1259 dicor
770 1219 877 1275 aquae;

133 1313 161 1356 oa
178 1294 251 1352 Sunt
272 1297 344 1353 mihi
367 1296 516 1353 Pieridum
538 1295 636 1354 felicia
659 1297 736 1354 dona
759 1314 900 1365 sororum,

219 1391 300 1449 onr
322 1408 353 1447 es
376 1391 491 1462 ingenio
517 1391 595 1447 clara
617 1390 715 1447 futura
737 1408 816 1448 meo:

176 1484 301 1542 Inferius
327 1484 387 1542 Coa
410 1502 463 1542 nec
485 1485 604 1542 Battide
627 1502 733 1542 nomen
755 1485 887 1553 habebis,

219 1579 249 1636 Si
273 1580 392 1652 dignata
415 1585 465 1637 tuo
489 1597 541 1637 nos
567 1580 633 1648 eris,
660 1580 754 1648 Anna,
778 1579 865 1637 toro'

176 1673 224 1731 Sic
247 1692 309 1746 ego,
333 1676 414 1746 virgo
439 1692 518 1731 meos
542 1680 696 1746 postquam
719 1675 856 1746 cognovit
878 1691 1007 1732 amores:
1074 1696 1077 1700 ·

132 1787 160 1829 ao
219 1769 272 1825 ‘Tu
293 1768 384 1826 meus'
409 1769 506 1826 aiebat
530 1773 655 1826 ‘mutuus
678 1769 768 1826 ardor
790 1768 868 1826 eris’

176 1863 225 1921 Sol
247 1864 297 1921 ubi
319 1865 378 1921 iam
400 1880 468 1920 vero
491 1863 652 1935 Nepheleia
676 1864 758 1935 signa
781 1863 909 1932 tenebat,

218 1958 335 2016 Certum
359 1959 485 2030 coniugii
508 1975 588 2029 spem
610 1959 681 2015 mihi
701 1964 791 2030 nupta
812 1958 901 2016 dedit.

175 2054 349 2111 Astrinxere
371 2053 458 2110 fidem
481 2052 566 2110 nobis
591 2052 661 2110 data
682 2053 806 2125 pignora
828 2054 959 2122 dextrae,

219 2147 367 2220 Factaque
390 2148 522 2205 sollemni
545 2148 663 2218 sponsio
686 2165 767 2205 more
790 2147 854 2205 fuit.

133 2259 161 2301 ns
177 2241 311 2300 Scribere
335 2242 418 2314 plura
440 2242 521 2311 libet,
546 2242 600 2298 sed
623 2241 734 2309 desino,
758 2259 794 2298 ne
818 2259 873 2314 qua
895 2241 1010 2314 legendi

218 2337 374 2395 Offendant
396 2337 522 2393 animum
544 2335 651 2403 taedia,
676 2336 794 2405 Bembe‚
818 2341 908 2393 tuum.

386 2508 513 2580 Elegia
540 2508 584 2564 ad
613 2507 845 2565 Germaniam.

175 2618 238 2688 Quo
261 2623 312 2675 tua
334 2618 467 2676 bellatrix
490 2618 563 2675 abiit
586 2618 743 2676 Germania
765 2619 866 2686 virtus,

218 2712 374 2770 Dissimilis
397 2718 497 2770 nostro
521 2718 652 2784 tempore
675 2712 753 2770 facta
776 2710 838 2769 tui?

175 2806 334 2865 Vindelicis
358 2808 426 2865 olim
448 2808 586 2878 pepulisti
610 2806 715 2864 finibus
739 2808 869 2877 Holmoe,

216 2903 373 2974 Imperium
396 2919 499 2973 magno
525 2919 589 2959 cum
612 2901 665 2958 sub
690 2902 797 2959 Ottone
820 2901 888 2973 l'uit;

146 2997 223 3055 sAd
247 2997 378 3069 Solymus
402 3014 484 3054 arces
507 2997 641 3054 victricia
664 2997 746 3066 signa
769 2997 870 3065 tulisti,

219 3090 387 3163 Sceptriger
407 3091 522 3163 imperii
548 3108 611 3148 cum
635 3090 803 3148 Fridericus
827 3098 899 3152 erat.

174 3185 258 3242 Nune
281 3186 382 3257 procul
404 3203 422 3243 a
444 3185 536 3243 Tanai
560 3186 699 3243 ducentes
723 3187 838 3258 agmina
860 3186 971 3244 Turcao

215 3279 344 3337 Danubii
366 3280 445 3338 ferro
469 3280 685 3352 depopulantur
707 3297 802 3353 agros,

173 3373 208 3430 In
229 3380 281 3432 tua
302 3381 454 3447 grassatur
476 3380 621 3432 terrarum
643 3376 757 3432 viscera
779 3375 899 3447 praedo,

131 3484 160 3528 to
217 3469 298 3526 Ausa
319 3487 374 3526 neo
396 3470 517 3526 hostiles
542 3487 573 3526 es
597 3468 733 3527 cohibere
756 3486 867 3527 manus,

174 3561 215 3620 Te
239 3562 341 3635 quibus
366 3568 506 3633 ostentas
532 3581 607 3621 nunc
629 3569 712 3621 utere
735 3563 894 3635 grandibus
917 3565 1019 3633 hastis,

216 3656 257 3714 Et
279 3657 381 3730 quibus
404 3658 434 3714 in
458 3659 535 3717 circo
559 3658 675 3717 ludicra
694 3657 776 3718 bella
797 3659 895 3733 derisi
