2490 4080
206 214 245 269 44
509 224 541 269 11.
564 225 693 270 raoouvs
712 224 875 271 meamus,

262 400 346 471 Quod
370 401 393 457 si
417 417 469 457 nos
494 418 689 473 quaecumque
712 407 810 459 manet
831 405 900 473 post
923 400 1043 458 saecula
1065 418 1174 458 nomen

204 514 247 554 am
304 496 366 552 Nec
389 495 474 567 plane
497 495 643 567 ingenium
666 495 776 553 fruetra
799 497 856 553 erit
878 512 963 553 omne
985 511 1095 565 meum,

261 590 301 646 Te
325 606 437 664 quoque
460 597 597 645 venturos
621 590 782 647 celebrabit
803 590 882 647 fama
904 606 957 661 per
981 606 1076 647 annos

305 683 418 739 Nomen
441 689 471 739 ot
494 700 509 739 e
532 689 633 740 nostro
657 685 785 741 carmine
809 690 880 741 nota
902 683 994 754 feros;

262 780 358 851 Atque
382 778 484 849 aliquis
509 777 659 834 ‘Coniunx'
684 779 762 835 dieat
787 778 851 836 ‘fuit
873 780 930 835 ista
952 778 1082 850 Mic-ylli:

307 872 439 940 Peetora,
465 872 519 940 dio,
546 872 637 944 qualis
661 873 798 930 iunxerat
820 873 870 930 illa
892 871 992 930 fidesi'

332 1147 382 1202 Ad
409 1147 557 1203 oninium
582 1165 677 1204 suum
699 1148 819 1205 brevis
844 1147 1058 1205 consolatio.

263 1294 356 1350 Multa
379 1294 493 1365 quidem
517 1293 617 1350 infelix
641 1294 731 1353 multa
754 1299 840 1366 atquo
864 1293 984 1366 indigna
1007 1293 1115 1362 tulisti,

306 1392 328 1445 t)
353 1388 456 1455 anime,
482 1394 512 1444 et
535 1389 652 1444 sunonis
677 1388 896 1445 adnumeranda
918 1387 1015 1444 malis!

262 1482 320 1539 Sed
344 1500 407 1539 sors
431 1483 502 1538 haee
527 1483 603 1539 ritae
627 1488 680 1549 est,
710 1489 826 1540 nostros
850 1499 923 1554 quae
946 1482 1070 1555 conligit
1093 1499 1192 1540 annos

306 1577 432 1648 Curaque
457 1577 604 1633 hominum
628 1583 673 1634 est
696 1577 798 1634 eadem
822 1577 994 1635 eondieione
1020 1582 1084 1634 tua.

235 1671 366 1729 nPert'or
389 1675 418 1727 ot
441 1670 567 1727 obdura!
603 1671 672 1740 Quis
696 1673 760 1742 seit,
785 1689 858 1744 quae
881 1678 1015 1743 tempora
1038 1676 1160 1729 restent

305 1766 365 1821 not.
387 1764 463 1821 mala
486 1766 548 1837 quis
573 1766 677 1823 dexter
699 1766 781 1823 tiniet
803 1767 861 1823 iata
882 1762 983 1823 Deus?

263 1859 329 1915 Non
352 1876 467 1929 sonrper
489 1860 603 1931 pluviae
627 1861 826 1931 glomerantur
847 1861 877 1916 in
900 1859 1019 1917 aethere
1042 1859 1154 1929 nubea,

305 1953 366 2009 Ner.
390 1970 504 2024 semper
526 1954 652 2011 tumidas
676 1955 813 2011 verberat
834 1954 931 2011 Eurus
955 1969 1061 2026 aquas;

264 2047 414 2104 Interdum
438 2054 467 2104 et
490 2050 585 2105 caeeis
609 2048 659 2105 Sol
681 2049 878 2121 interponitur
899 2047 1009 2105 umbris

222 2160 248 2200 ro
308 2142 344 2198 Et
369 2142 446 2197 redit
469 2159 486 2198 a
508 2142 605 2198 multis
631 2143 737 2199 clarior
760 2159 817 2199 una
840 2143 911 2199 dieo.

264 2238 359 2305 Quare
383 2253 436 2308 age
460 2241 488 2293 te
513 2235 635 2293 obfirma
658 2243 743 2308 toque
768 2237 805 2293 ad
827 2237 949 2293 meliora
970 2236 1107 2293 reserva!

305 2330 455 2387 Invenient
478 2330 603 2402 aliquam
626 2330 688 2387 fata
710 2330 848 2402 Deosque
872 2331 956 2387 viam.

646 2482 691 2490 -ι-
694 2485 746 2490 -

272 2605 311 2661 In
335 2603 576 2660 suburbanum
599 2604 839 2661 Iustinianum
863 2604 1122 2663 Holtzhauseu.

265 2749 397 2806 Porticus
422 2749 494 2805 haee
517 2750 623 2820 hospes
647 2751 798 2822 vicinaque
820 2749 940 2807 flumina
961 2749 1059 2807 fontes

306 2844 346 2900 Et
370 2844 478 2900 oneum
501 2845 583 2900 taciti
605 2849 691 2915 prata
713 2861 870 2916 nemusque
894 2844 962 2901 soli:

266 2938 377 2995 Gurrota
401 2955 435 2995 oa
458 2943 525 2994 sunt
548 2939 641 2994 Musis
665 2944 823 3010 teneroque
847 2939 944 2996 dicata
966 2937 1067 3010 Lyaeo

305 3033 345 3089 nt.
367 3033 495 3103 gaudent
518 3039 604 3090 eantu
628 3033 851 3105 muneribusque
875 3034 940 3091 Dei.

234 3128 326 3196 aeuo
349 3127 417 3184 lieet
441 3127 508 3183 hine
531 3128 628 3195 ebear,
654 3127 677 3183 si
701 3128 764 3199 quie
787 3145 879 3200 neque
904 3129 1034 3186 earmina
1056 3145 1147 3187 ouras

306 3221 367 3278 Nee
391 3221 467 3277 dulei
490 3222 601 3292 gaudes
625 3239 678 3279 ora
700 3223 796 3293 rigare
819 3240 908 3279 mero.

264 3315 311 3372 sn:
336 3316 445 3372 domini
467 3316 515 3371 lox
538 3323 583 3372 ost
607 3321 636 3372 ot
659 3317 771 3373 sanatio
795 3316 960 3387 Iustiniani,

307 3411 434 3481 Auspice
457 3426 513 3481 quo
536 3410 617 3466 loeus
641 3416 686 3467 est
710 3410 843 3468 conditus
866 3412 922 3469 iste
945 3428 1030 3469 novo.
