2490 4080
509 236 535 281 V.
558 233 695 279 mensus
718 233 900 280 Husuomvs,

279 419 429 478 Sedales
452 419 497 478 ad
521 419 689 477 convivia
712 419 747 476 in
769 419 887 477 hortis
911 419 1138 480 suburbanis

509 530 729 588 celebranda
753 531 896 590 invitat.

476 685 585 742 Severa
608 702 678 741 eure
701 690 805 756 regnat

471 780 619 851 Dolorque
643 779 701 836 iam
722 779 833 836 resedit

472 873 531 930 Sub
555 873 665 930 intimis
688 873 832 930 medullis.

472 968 557 1038 Quid,
582 985 599 1025 0
623 969 679 1025 mei
703 968 828 1037 sedales
883 954 887 958 ⁴

470 1062 635 1120 Levamiuis
659 1060 812 1133 petemus?

470 1155 596 1213 Amieuli
620 1157 742 1225 venusti,

471 1250 581 1308 Graves
606 1257 635 1307 et
662 1251 769 1308 eruditi

471 1345 611 1417 Bessique,
640 1362 709 1402 rure
731 1346 827 1402 vernis

472 1439 607 1496 Celemus
630 1440 659 1496 in
683 1441 798 1509 resetiS,

468 1535 523 1590 Vbi
547 1535 666 1591 Resella
689 1534 774 1591 nobis

471 1629 563 1701 Leget
586 1645 669 1686 resas
694 1634 722 1686 et
746 1629 851 1687 herbas

470 1723 511 1779 Et
534 1723 695 1794 iuuplieabit
718 1724 781 1780 illus

472 1817 650 1874 ltecentibus
675 1818 801 1875 corollis.

471 1913 703 1984 Atuaraeulnque
729 1913 830 1985 iunget

465 2006 614 2078 Musisque
638 2008 718 2078 virge
742 2000 851 2077 1·erem,'

469 2099 616 2158 Oderibus
640 2101 757 2158 refertis

470 2195 625 2252 Sodalibus
649 2196 762 2268 quietis

469 2290 524 2346 Vbi
549 2291 600 2347 sed
624 2291 684 2347 altu
705 2291 804 2347 laurus

469 2384 589 2441 Virente
613 2384 716 2442 frende
743 2403 839 2443 reram

468 2478 573 2535 Procul
596 2480 741 2537 ministret
765 2480 895 2538 umbram

470 2572 510 2627 Et
532 2590 604 2630 euru
627 2575 720 2630 mellis
745 2575 813 2633 edat

470 2666 527 2722 Per
549 2668 684 2725 herbulas
709 2687 843 2727 susurres

469 2760 643 2833 Streputque
667 2764 754 2832 rivus,
780 2764 855 2822 uude

470 2855 641 2912 Sedebimus
665 2875 796 2914 resarum

467 2950 621 3009 Celeribus
645 2953 768 3009 revincti

469 3045 574 3103 Census
599 3052 741 3117 caputque
765 3053 867 3105 tetum.

466 3139 548 3196 Odor
568 3139 662 3197 bouus
686 3158 831 3198 resarum:

466 3232 560 3290 Resus
584 3240 688 3305 gerant
710 3242 850 3305 ultuantes,

466 3327 560 3384 Resus
584 3335 683 3385 amant
705 3336 810 3400 poetae

465 3422 560 3491 Ieees,
586 3423 660 3480 sales
686 3425 829 3496 celentes‘3

464 3516 559 3573 Resus
582 3524 685 3588 gerent
709 3520 833 3589 puellae.

466 3610 613 3668 Oderibus
637 3613 742 3684 repleti
