2490 4080
497 197 543 242 1x..
569 196 745 242 ANONYMVS.

183 374 227 433 Tu
248 375 323 433 bene
344 376 521 448 promeritos
544 375 650 434 heroas
673 374 802 448 piscibus
826 389 922 432 escam
948 421 950 426 .

228 468 326 529 Obicis
350 475 380 527 et
401 470 482 528 rides
504 469 609 528 funera
632 469 838 537 christiadum,

184 563 245 622 Nec
267 563 347 622 ferro'
370 565 518 637 iugulasse
541 569 588 622 sat
610 570 665 637 est,
688 565 745 622 nisi
768 567 926 622 scommate
950 562 1058 620 sanctis

226 659 351 716 Insultet
373 659 507 731 petulans
530 659 628 731 lingua
651 659 851 717 cadaveribus.
975 719 977 723 ,

139 773 169 814 15
182 753 280 823 Disce,
304 770 385 825 puer,
409 755 479 826 quid
501 755 540 811 sit
561 754 658 811 verbis
680 753 812 811 inludere
836 752 962 821 Christo,

121 889 124 892 «
226 848 323 916 Disce,
347 848 416 921 quid
440 853 469 905 et
491 865 590 906 manes
614 846 660 906 sit'
674 854 818 905 temerare
836 847 920 919 pios!

183 943 347 1000 Antiochus
371 942 489 1014 Solyma
511 943 589 1001 cives
612 943 751 1001 mactarit
772 943 802 1000 in
824 941 905 1012 urbe,
975 1002 977 1006 ,

227 1035 311 1106 Quod
333 1031 570 1109 Stygionollent
592 1055 678 1096 sacra
699 1038 784 1095 litare
807 1037 885 1109 Iovi3

183 1131 327 1189 Innocuas
351 1136 453 1190 tenere
475 1131 607 1205 perfudit
629 1133 768 1205 sanguine
791 1148 880 1189 cunas

140 1244 169 1286 ac
225 1225 369 1295 Herodes,
394 1225 511 1284 Christo
535 1227 603 1285 dum
625 1232 711 1298 parat
732 1227 873 1299 insidias3'

182 1320 271 1377 Vitali
293 1319 407 1378 multos.
424 1322 561 1392 spoliavit
583 1320 749 1378 Honoricus
771 1337 851 1390 aura,

187 1462 189 1467 .
226 1412 392 1472 salvificam
415 1415 525 1485 Christi
548 1417 596 1488 qui
620 1415 736 1472 coluere
759 1412 861 1472 fidem:

181 1510 222 1566 At
244 1509 362 1567 tandem
386 1509 479 1567 tribus
502 1509 547 1567 his
571 1526 587 1566 e
609 1511 688 1581 putri
711 1526 799 1567 carne
823 1513 969 1568 scatentes

222 1603 379 1660 Vermiculi
402 1604 484 1662 dirae
508 1621 595 1662 causa
617 1603 699 1661 fuere
721 1605 812 1662 necis.
843 1612 845 1617 ’

137 1715 165 1757 as
180 1696 223 1754 Tu
246 1714 359 1770 quoque
383 1697 527 1756 defunctis
551 1699 599 1771 qui
621 1703 753 1756 monstra
774 1699 887 1757 marina
908 1700 1037 1769 minaris,

221 1791 310 1850 Vivus
334 1794 430 1851 adbuc
452 1810 489 1850 ne
511 1794 551 1851 sis
575 1793 721 1851 vermibus
744 1811 821 1864 esca,
844 1794 926 1852 videl
949 1795 969 1804 ''

179 1886 210 1943 Si
233 1893 263 1945 te
285 1887 504 1946 nullamevent
525 1889 591 1946 aevi
614 1888 788 1947 documenta
809 1889 926 1961 amaria,

221 1982 261 2038 At
283 1983 384 2054 patris.
399 1983 530 2055 exemplo
553 2000 675 2055 parcere
699 1982 778 2040 disce
801 1982 871 2053 piis!
972 1985 976 1993 “

178 2074 233 2145 Qui
255 2093 286 2133 se
310 2077 438 2134 visurum
459 2076 595 2149 Burgaeo
615 2076 735 2134 dixerat
757 2077 869 2144 Annae,
969 2088 971 2100 ¹

134 2186 162 2228 ec
221 2168 334 2242 Corpus
356 2171 392 2228 in.
409 2170 642 2229 arsurosierret
664 2175 696 2227 ut
717 2171 766 2227 ille
781 2187 886 2242 rogae,

176 2264 309 2336 Dixerat,
333 2270 379 2322 ast
402 2266 502 2324 Annas
525 2266 606 2337 prius
629 2264 842 2323 immedicabile
865 2265 938 2322 vidit

219 2358 322 2416 Vicina
344 2359 446 2428 vulnus
468 2361 561 2432 patris
584 2359 620 2418 ab
644 2376 711 2418 arce
734 2360 785 2430 tui,

176 2451 293 2511 Lancea
317 2454 363 2510 cui
384 2460 541 2526 penetrans
564 2455 729 2512 tenebravit
750 2454 865 2512 luminis
889 2455 998 2525 orbem,

219 2547 302 2617 Dum,
317 2548 395 2606 laeto
418 2565 515 2621 pugna
537 2549 611 2606 ludit
632 2550 672 2606 in·
685 2548 888 2622 hippodromo.

131 2659 160 2700 aa
176 2641 216 2697 Et
238 2641 315 2713 quod
337 2643 461 2711 mireris,
482 2642 650 2715 Burgaeum
672 2661 790 2702 carcere
813 2645 918 2702 clausit

220 2736 314 2807 Atque
337 2741 418 2806 tuum
440 2742 553 2808 patrem
577 2738 694 2794 sustulit
715 2755 773 2795 una
795 2745 908 2796 manus

177 2827 208 2884 Si
230 2828 339 2886 violata
360 2828 443 2898 fides,
468 2830 494 2887 si
516 2830 559 2887 vis
582 2831 690 2889 iniusta
712 2831 866 2903 probanda
888 2838 941 2901 est,

217 2922 249 2979 Si
271 2923 375 2980 merite
397 2923 514 2982 laudem
536 2923 624 2982 foeda
646 2925 777 2997 tyrannis
800 2924 898 2996 habet,

172 3016 216 3074 Tu
238 3033 349 3090 quoque
372 3035 448 3077 nunc
470 3019 574 3077 meritc
597 3024 666 3090 post
687 3018 808 3077 foedera
828 3025 914 3092 rupta
934 3019 1108 3092 triumphas,
1210 3029 1213 3036 '

129 3130 158 3172 4ο
214 3110 329 3169 Nobilis
352 3111 453 3170 infami
475 3115 574 3186 regule
602 3113 733 3171 saevitia.

173 3205 291 3278 Contra,
316 3207 341 3264 si
363 3207 443 3266 Deus
467 3213 513 3266 est
534 3207 615 3267 fandi
638 3213 857 3280 memoratque
880 3208 1009 3282 nefandi,

217 3301 254 3357 Vt
276 3319 387 3360 memor
409 3307 462 3372 est,
487 3303 569 3360 iocus
592 3303 640 3362 hic
663 3304 778 3361 desinet
801 3303 831 3360 in
852 3303 997 3361 lacrimas.

170 3394 230 3452 Vos
253 3396 343 3467 igitur
365 3413 473 3467 manea,
497 3414 619 3470 quorum
640 3416 717 3456 nunc
740 3415 865 3470 corpora
887 3403 999 3456 vastum

214 3489 310 3547 Triste
333 3491 427 3547 scelus
450 3493 527 3564 regis
550 3493 640 3550 mittit
662 3493 692 3549 in
715 3492 871 3564 Oceanum,

127 3583 206 3642 45111
228 3583 346 3642 Christo
369 3585 504 3656 gaudete,
528 3587 585 3658 piis
607 3586 784 3645 laetissimus
807 3589 899 3647 instat
