2490 4080
201 219 260 278 116
335 232 375 276 nr.
402 231 527 276 ruouas
550 232 763 278 naoeuouovs.
807 233 941 278 rosanus
963 233 1071 279 maroa.

195 425 237 468 155
252 408 349 481 Teque
373 410 461 467 etiam
484 410 561 468 nullo
584 415 617 466 ut
639 411 765 482 reliquos
790 427 889 468 errore
912 410 1014 478 teneri,

254 503 285 560 Si
307 520 395 576 saepe
418 505 582 562 haereticos
607 505 712 562 clames
736 505 911 577 damnesque
934 510 1072 576 potenter

253 598 479 672 Suermerosque
502 616 588 657 sones
611 600 674 657 sine
696 597 754 656 fine
777 599 904 672 nihilque
926 599 1054 671 loquaris

251 692 377 752 Novisse
399 694 517 751 insanos
541 693 614 763 illos,
640 695 693 752 sed
715 695 841 766 turpiter
861 711 952 767 usque

252 787 362 847 Errare
385 790 415 845 in
439 789 529 846 sacris
553 789 643 861 siguis
669 788 843 861 Christoque
865 787 989 861 fideque.

194 900 237 943 reo
251 882 314 940 Nec
336 882 435 953 refert,
461 900 497 941 an
520 884 589 957 quid
612 883 737 941 doceant
760 884 930 955 cognoveris
953 900 1079 956 unquam

252 977 410 1050 Scriptisve
434 984 485 1036 aut
507 978 627 1036 meliore
650 995 739 1051 queas
762 978 931 1035 subvertere
955 995 1041 1034 sensu

251 1072 299 1128 Au
321 1072 413 1130 solum
436 1073 556 1130 alterius
581 1072 700 1130 studeas
724 1073 881 1130 conludere
904 1077 1011 1130 sectae.

251 1165 316 1223 Hoc
339 1167 426 1224 etiam
449 1184 563 1237 moneo,
588 1167 730 1239 quaedam
752 1167 922 1224 resonantia
943 1172 1044 1238 captes

249 1260 290 1316 Et
311 1278 385 1334 quae
409 1279 472 1319 cum
494 1279 599 1334 magno
623 1261 740 1318 volvant
761 1267 794 1317 ut
815 1262 945 1333 pondere
968 1260 1066 1329 verba,

192 1372 234 1414 165
250 1354 288 1411 Vt
311 1361 378 1414 sunt
400 1357 522 1413 eoncilia
545 1361 575 1414 et
597 1360 705 1428 patres,
730 1356 862 1424 ecclesia,
886 1355 1014 1424 verbum,

249 1449 476 1520 Testamentum,
499 1468 590 1519 error,
616 1456 829 1508 sacramentum
852 1455 939 1524 atque
961 1450 1105 1522 papistae,

249 1544 400 1616 Maiestas
425 1546 606 1615 elementum,
631 1545 770 1615 infernus,
795 1546 899 1618 gratia,
923 1561 1016 1617 reges,

250 1638 389 1697 Haeresis
413 1645 499 1712 atque
523 1641 610 1711 salus,
635 1646 803 1698 satanamm
825 1640 914 1696 millia
937 1644 1060 1708 centum,

249 1732 375 1805 Spiritus
399 1739 430 1791 et
451 1735 596 1806 permulta
618 1735 703 1792 huius
727 1740 774 1792 sat
795 1739 866 1792 nota
888 1733 1009 1802 farinae,

192 1827 331 1887 1voHaee
353 1828 378 1884 si
401 1828 548 1886 horrenda
570 1834 655 1886 tuens
678 1845 840 1902 magnoque
863 1827 960 1886 effaris
983 1827 1073 1896 hiatu,

250 1921 344 1980 Crede
366 1923 445 1992 mihi,
470 1940 604 1996 magnum
629 1929 674 1981 est
696 1924 833 1981 habitura
856 1923 952 1980 oratio
974 1922 1098 1995 pondus.

249 2016 373 2089 Magnus
397 2018 454 2074 eris
478 2018 562 2076 valde
586 2018 746 2091 doctusque
769 2018 907 2075 videbere
929 2017 1014 2089 vulgo

252 2110 428 2185 Cunctaque,
454 2129 527 2185 quae
550 2119 664 2172 veteres
688 2119 718 2170 et
740 2130 813 2185 quae
837 2113 980 2184 scripsere
1002 2112 1119 2181 novelli,

246 2207 330 2279 Aque
353 2208 501 2265 hominum
524 2214 612 2280 captu
635 2208 713 2266 solus
737 2209 852 2265 novisse
876 2212 999 2264 remota,

91 2290 94 2297 ’
193 2317 234 2360 111
250 2299 346 2370 Quare
361 2302 426 2371 hac,
451 2320 467 2360 o
483 2303 604 2371 iuvenis,
629 2303 762 2375 gradere,
780 2302 853 2358 haec
868 2306 1027 2373 praecepta
1042 2301 1168 2370 revolve,

246 2395 365 2469 Absque
387 2396 488 2454 labore
512 2386 589 2454 omni
611 2396 732 2470 fastigia
754 2412 866 2452 summa
890 2388 1064 2467 prehendes,
1086 2437 1088 2441 <

246 2489 327 2547 Siout
351 2496 380 2548 et
403 2507 420 2548 1
442 2491 540 2547 multis
563 2491 627 2549 aliis
652 2507 824 2563 comprensa
846 2490 986 2548 videmus.
1032 2528 1035 2532 ι

245 2583 349 2652 Dicam
371 2586 455 2656 plura
478 2585 559 2653 alias,
584 2586 642 2641 iam
665 2585 743 2642 nulla
765 2585 835 2642 mihi
859 2585 920 2642 otia
942 2584 1088 2642 restant.'

574 2790 778 2798 *-

509 2978 683 3037 IOANNES
706 2977 845 3038 MAIOR.

448 3125 606 3198 idyllion
629 3125 671 3216 ce
694 3094 925 3182 Philomela

231 3246 291 3304 Ver
312 3249 385 3317 erat,
410 3250 441 3302 et
462 3246 556 3303 lenem
579 3245 723 3303 meditans
747 3243 898 3318 spatiabor
920 3244 958 3302 ad
981 3241 1087 3311 Albim,

274 3340 331 3401 Ore
354 3339 426 3398 facit
448 3340 547 3397 dulces
571 3351 627 3411 qua
650 3339 812 3397 Philomela
839 3355 936 3408 sonoS,
972 3357 982 3386 τ

229 3435 309 3505 Quae
333 3439 471 3508 quantum
489 3434 612 3506 reliquis
635 3439 769 3505 praestat
792 3433 946 3492 dulcedine
960 3428 1057 3498 vocis,

269 3518 421 3601 iRespectu
436 3528 561 3600 'reliquis
585 3532 643 3585 tarn
668 3528 743 3586 solet
766 3545 830 3586 esse
857 3527 960 3585 uduor.
1027 3572 1030 3577 1

199 3622 312 3684 5Haec
336 3623 420 3680 sedet
442 3623 604 3680 insomnem
628 3627 714 3680 cantu
737 3623 832 3688 solata
854 3619 1025 3688 laborem
1102 3669 1105 3674 .
