2490 4080
453 161 495 206 1x.
525 159 660 205 ioannes
682 157 789 203 maron.
1054 147 1110 203 117

225 337 341 396 Laudat
363 344 393 395 et
415 337 445 393 in
467 353 548 394 ramo
572 341 657 409 grata
678 335 789 392 virente
811 334 914 392 Deum.
1001 323 1002 326 '

182 431 276 506 thuc
299 433 426 491 animum
449 431 546 504 coepit
568 432 647 488 vocis
670 430 795 488 mulcere
820 434 963 496 venustas,

224 528 319 585 Miror
341 533 371 585 et
394 532 513 599 argutos
536 531 567 583 et
589 526 650 583 sine
673 526 739 583 felle
763 541 863 595 sonos3

180 622 228 680 En
250 622 403 694 strepitum
425 626 521 679 rostro
545 626 645 692 turpes
667 619 763 678 fecere
786 618 926 687 volucres,

137 736 165 780 10
222 717 263 774 Et
285 717 466 775 stomachum
488 716 578 774 movit
601 715 723 772 stridula
745 714 833 772 turba
855 730 963 784 meu1n3

181 812 265 870 Hanc
287 829 376 884 vagus
399 810 520 868 infestat
542 810 659 867 cuculus
682 810 840 867 certamine
863 809 977 880 linguae

223 906 359 965 Fundens
384 906 482 964 deliris
506 903 630 963 flaccida
653 904 742 962 verba
764 903 870 975 modis3

181 1002 274 1060 Huius
298 1018 400 1074 spuma
422 1002 498 1060 solet
519 1017 624 1058 raucas
647 1016 787 1073 generare
811 999 935 1066 cicadas,

224 1096 296 1154 Cum
317 1095 388 1154 folia
410 1096 565 1154 immundis
587 1094 691 1168 polluit
712 1095 774 1166 ipsc
797 1095 883 1151 not-is.

137 1191 278 1264 151ungit
301 1208 332 1249 se
356 1190 491 1248 comitem
514 1190 650 1248 stridenti
674 1190 800 1246 camnine
824 1189 925 1260 gallus

222 1285 379 1343 Turbatrix
401 1285 534 1358 placidae
557 1301 660 1355 nempe
684 1284 789 1357 quietis
813 1284 883 1352 avis,

179 1381 220 1439 Et
241 1381 344 1453 procul
364 1380 520 1438 innocuum
542 1379 644 1451 pennis
668 1394 699 1435 se
722 1377 798 1434 tollit
819 1378 850 1434 in
872 1377 995 1445 hostem,

221 1476 351 1548 Arteque
375 1491 439 1532 cum
461 1481 594 1547 nequeat,
619 1473 716 1530 Marte
738 1487 844 1530 nocere
868 1471 955 1542 cupit.

179 1570 255 1628 Hinc
277 1570 424 1627 immunda
448 1586 514 1626 suas
538 1585 650 1641 quoque
675 1568 802 1624 conserit
825 1584 921 1639 upupa
944 1569 1028 1637 vires

137 1684 166 1726 eo
222 1664 326 1736 Vpupa
349 1664 528 1721 stercoribus
552 1679 667 1734 semper
690 1662 782 1720 odora
805 1662 874 1720 suis.

179 1759 255 1818 Hinc
277 1759 387 1817 merula
408 1759 532 1831 impellit
554 1758 664 1815 calidas
686 1758 717 1814 in
739 1758 833 1830 iurgia
855 1764 966 1816 mentes

222 1853 346 1912 Pectore
369 1853 453 1926 nigra
475 1870 537 1922 suo,
561 1869 633 1915 voce
656 1853 782 1925 superba
805 1870 865 1912 sua.
1036 1924 1040 1931 Α

178 1947 222 2006 Tu
244 1965 357 2022 quoque
380 1964 451 2005 voco
473 1946 572 2005 furens
597 1947 762 2018 clangorem
785 1949 884 2016 mittis
908 1965 1015 2020 osyna,.

222 2042 343 2101 Consita
365 2059 439 2115 quae
462 2042 552 2100 multo
576 2042 656 2112 pisce
679 2040 789 2098 fluenta
812 2041 891 2099 colis.
1007 2051 1008 2055 ’

135 2156 164 2198 aa
179 2137 271 2208 Quem
293 2137 363 2194 mihi
387 2154 453 2209 spes
475 2136 573 2194 fuerat
594 2137 674 2208 pacis
698 2137 807 2194 sarcire
830 2136 951 2204 ruinam,
975 2183 977 2189 .

223 2231 343 2290 Consuit
366 2232 396 2289 in
418 2232 497 2288 rixas
519 2229 664 2303 fragmina
688 2231 758 2288 trita
781 2248 886 2289 novas:

177 2327 330 2399 Improbus
353 2326 499 2398 agricolae
522 2325 636 2383 fumoso
660 2326 759 2398 grillus
783 2327 813 2383 in
835 2333 919 2384 antro

221 2422 305 2480 Hanc
327 2438 440 2495 quoque
463 2421 599 2478 stridenti
621 2436 691 2478 voce
714 2421 832 2479 lacessit
855 2439 945 2480 avem.
980 2432 983 2434 ’

176 2516 240 2575 Nec
261 2517 418 2589 philomela
441 2533 511 2574 suae
536 2515 633 2574 differt
654 2516 851 2575 modulamina
872 2518 997 2591 linguae,

133 2629 162 2672 eo
220 2611 278 2670 Sed
301 2612 413 2685 spargit
435 2612 517 2669 vario
540 2612 643 2670 nuntia
663 2612 742 2671 lecta
766 2630 846 2671 sono.

176 2706 273 2778 Atque
296 2706 419 2765 adversa
441 2707 490 2778 pio
504 2707 603 2765 ,vincit
625 2707 701 2765 mala
724 2708 813 2766 corde
835 2709 965 2776 ferenda,

221 2799 304 2859 Pacis
328 2817 428 2859 amans
452 2801 536 2873 vulgo
559 2801 656 2859 iudice
680 2803 884 2873 spretus'erit.
966 2860 967 2863 ,

176 2893 259 2953 Talia
279 2896 350 2953 dum
373 2911 460 2954 cerno
483 2895 585 2967 peragi
607 2897 775 2968 spectacula
799 2902 894 2966 cantu,

216 2988 382 3063 Adloquor:
408 2989 441 3050 ιΟ
465 2990 599 3058 volucris
624 3007 697 3062 quae
720 2991 791 3048 mihi
814 2991 876 3049 sola
899 2992 1004 3069 places,
1038 3007 1041 3010 ’

131 3100 161 3145 uo
177 3082 254 3153 Quas
278 3084 341 3155 tibi,
366 3102 437 3158 quas
460 3085 512 3142 tali
535 3084 656 3142 reddam
679 3102 733 3157 pro
757 3086 884 3145 carmine
907 3085 1024 3160 grates?

217 3180 245 3236 A
268 3179 372 3238 scrobe
396 3184 569 3237 conservent
592 3178 623 3235 di
646 3185 696 3237 tua
719 3180 849 3239 membra
872 3181 936 3239 diu!

176 3272 217 3330 Te
241 3291 364 3348 semper,
388 3292 453 3333 mea
475 3275 543 3343 vite,
568 3289 682 3347 sequar,
707 3275 761 3333 tibi
783 3276 847 3334 lnce
871 3278 986 3335 canenti

218 3368 375 3427 Tendimus
398 3370 451 3428 has
475 3386 576 3428 aures:
601 3376 700 3428 cetera
723 3371 818 3442 turba,
841 3371 919 3430 vele!

178 3461 273 3532 Quem
293 3468 344 3521 tua
365 3480 424 3522 non
447 3470 562 3537 captum
587 3466 664 3523 mira
684 3483 741 3522 vox
764 3465 876 3527 detinet
899 3471 971 3536 arie,

132 3575 161 3618 40
219 3557 295 3617 Huic
317 3559 412 3616 cuculi
433 3563 573 3617 numeret*
592 3563 725 3631 tempora
747 3559 838 3633 longa
857 3578 954 3618 sonus.
1047 3574 1053 3622 ἶ
