2490 4080
373 261 413 307 vl.
443 259 596 308 GEORGIVS
619 261 790 309 FABRIOIVS.

252 438 346 495 Fruar
367 437 517 496 laboribus
539 440 612 497 meis
634 441 780 498 iuventam

305 533 414 590 Videas
437 534 511 592 bene
534 535 707 592 institutam.

256 628 366 686 Serena
389 628 474 686 stella
495 627 606 702 fulgeat
628 646 794 701 supremum

303 722 395 782 Diem.
411 723 534 781 vehente
557 723 629 792 fato,

255 818 293 873 Vt
316 817 468 890 expeditus
492 818 559 876 hinc
582 835 646 875 eam
669 819 754 891 inque
779 817 896 875 Claristo

303 913 392 971 Necis
416 929 518 970 severa
541 913 664 971 vincam.

253 1011 318 1068 Hoc
340 1009 369 1065 in
391 1007 506 1080 fideque
530 1024 637 1080 speque
661 1008 844 1080 supplicanti,

306 1104 396 1161 Pater
417 1103 551 1173 benigne,
575 1102 694 1173 praebe,

254 1200 294 1256 Et
316 1198 452 1270 imperita
474 1214 554 1253 mens
578 1202 694 1254 vetante
719 1214 805 1255 carne

305 1293 414 1365 Nequit
436 1293 513 1363 quod
536 1292 652 1360 intueri,

254 1389 318 1472 Hoc
341 1387 417 1444 adde
441 1391 553 1458 sponte,
577 1402 644 1442 nam
667 1386 709 1443 tui
733 1387 809 1457 quod
832 1401 952 1457 usquam
976 1391 1020 1441 est

304 1482 426 1539 Favoris
450 1497 533 1538 omne
557 1498 669 1537 munus

546 1791 629 1865 Oda.

102 1922 155 1980 Ad
178 1920 372 1979 tollendam
387 1921 483 1978 inter
497 1921 679 1993 principes
695 1922 836 1993 patriae
854 1922 1072 1980 discordiam

270 2030 304 2082 et
325 2026 469 2097 patriae
493 2026 677 2083 tumultum
701 2027 903 2083 sedandum.

146 2155 180 2211 Id
203 2155 292 2212 etiam
315 2155 426 2212 restitit
448 2155 570 2226 patriae,
596 2155 751 2211 hostilibus

144 2249 153 2323 t
157 2249 213 2307 Pro
236 2248 351 2306 facinus
360 2249 379 2328 i)
403 2250 526 2305 invicem
548 2254 581 2305 ut
604 2248 773 2305 concideret
797 2247 935 2306 ensibus?

144 2344 213 2414 Quis
236 2343 319 2401 furor
341 2350 400 2400 tam
423 2342 478 2399 fuit
499 2339 654 2414 pertinax?
690 2342 770 2411 Quae
793 2343 855 2400 lues

144 2438 215 2496 Tam
238 2438 342 2496 rabida
365 2438 400 2495 ab
423 2435 524 2494 inferis
549 2436 666 2493 sedibus
690 2442 720 2493 et
742 2437 863 2495 horrida

100 2553 114 2593 a
143 2534 238 2591 Nocte
261 2533 346 2589 mites
371 2533 467 2604 coegit
490 2533 567 2589 viros
592 2531 731 2603 sanguine
755 2538 785 2589 et

143 2628 277 2686 Foedere
301 2644 335 2685 ac
357 2626 488 2699 pluribus
512 2642 663 2698 compares
686 2627 807 2684 vinculis

144 2722 292 2794 Stringere
315 2722 343 2778 in
368 2726 468 2779 mutua
491 2738 575 2778 enses
598 2738 702 2793 graves
725 2718 864 2778 vulnera?

144 2817 274 2875 Audient
295 2816 378 2887 impii
400 2832 453 2872 nos
477 2815 625 2887 professos
650 2815 734 2872 simul

145 2911 341 2969 Christianam
363 2909 452 2967 fidem
473 2909 550 2967 ferro
573 2927 649 2966 nunc
672 2909 787 2966 hostica

105 3027 130 3068 ro
144 3008 243 3076 Arma,
269 3006 331 3078 quis
355 3005 463 3061 rectius
488 3003 680 3061 caederentur
703 3003 795 3060 Getae

143 3101 277 3169 Barbari,
302 3100 365 3173 quis
388 3099 500 3171 periret
521 3098 655 3169 Babylon
676 3096 810 3168 improba

144 3196 279 3268 Quisquis
303 3200 333 3252 ct
355 3194 472 3251 veritati
495 3197 638 3264 repugnat
659 3192 723 3249 Dci.

204 3291 295 3347 Tecta
317 3288 443 3360 flagrare
466 3305 524 3345 non
546 3287 678 3344 Thraciis
701 3286 816 3358 ignibus

144 3385 286 3454 Vidimus,
311 3384 435 3441 vidimus
460 3401 523 3439 eum
547 3382 680 3439 domibus
704 3381 813 3453 oppida

103 3499 130 3541 15
144 3481 251 3538 Diruta
273 3480 330 3536 heu
353 3495 409 3534 non
435 3479 549 3548 tyranni
574 3494 659 3533 mauu
683 3476 811 3532 Pontici:
874 3478 877 3483 “

144 3575 242 3632 Paene
265 3573 389 3630 fratrum
413 3573 483 3630 data
506 3573 578 3629 hacc
601 3572 706 3627 damna
729 3576 796 3626 sunt
820 3570 957 3627 dexteris.

144 3669 264 3726 Fuimus
288 3667 395 3738 ingrati
419 3673 449 3724 et
470 3668 526 3724 hoc
550 3682 633 3723 omne
656 3666 830 3738 maioraque
