2490 4080
138 205 196 262 118
292 218 334 263 rx.
363 218 498 264 minues
522 221 627 265 miron.
673 219 798 265 neruus
821 219 958 264 emenus,

177 394 303 467 Tempus
327 396 392 466 erit,
415 397 550 468 rapidum
573 397 688 470 quando
713 398 793 455 canis
817 397 926 454 excitat
949 402 1071 465 aestum,

220 489 301 547 Tunc
324 496 456 549 metuens
479 492 575 564 ignem
598 493 707 550 cortice
730 492 861 550 membra
883 496 971 563 teget.

178 584 274 642 Stulta
296 585 375 643 leves
399 587 518 658 capiunt
540 587 661 657 animos
686 604 740 645 sua
762 587 864 658 cuique
887 585 978 643 libido
1003 591 1057 654 est,

220 680 321 738 Vtrem
343 697 396 752 pro
421 681 534 739 cithara
556 681 664 753 gaudet
686 681 796 739 habere
818 679 936 738 Midas'

438 1066 603 1125 ADAMVS
628 1066 800 1125 SIBERVS.

238 1220 288 1277 De
312 1227 487 1293 corrupto
511 1222 647 1279 saeculi
668 1221 875 1294 praesentis
899 1225 1006 1277 statu.

178 1339 344 1413 Corruptos
368 1359 463 1400 mores
487 1343 633 1416 saeclique
656 1341 842 1399 incommoda
864 1340 958 1397 nostri

222 1435 294 1506 Quis
319 1453 378 1494 non
400 1438 463 1510 quis
487 1438 586 1496 doleat
608 1455 679 1496 voce
702 1441 836 1510 gemente
858 1431 972 1492 bonus?

180 1531 237 1588 Pro
261 1547 349 1603 grege
373 1549 444 1604 quos
469 1532 578 1590 Christi
599 1533 679 1590 Deus
703 1533 733 1588 in
756 1531 882 1589 statione
905 1545 1033 1599 manere,

222 1625 301 1696 Quos
325 1626 407 1684 verbi
431 1644 529 1685 curam
552 1626 672 1684 mandat
694 1625 804 1684 habere
827 1626 881 1693 sui,
968 1664 971 1670 ·

149 1719 340 1779 sPontifices
362 1721 473 1780 iaciunt
496 1723 589 1780 ventri
613 1723 722 1780 servire
744 1721 833 1793 periti

220 1814 394 1874 Doctrinam
416 1816 500 1875 ludos
525 1818 701 1890 deliciasque
723 1816 789 1873 Dei.

179 1910 249 1984 Ipse
272 1909 372 1969 Erebo
396 1912 444 1984 qui
467 1929 498 1970 se
521 1910 605 1985 fingit
627 1913 765 1984 caeloque
787 1914 946 1983 potentem,

216 1999 354 2064 ’Ausonia
378 2012 498 2065 satanae
520 2007 638 2080 praesul
660 2008 691 2064 in
713 2005 784 2063 urbe
808 2021 899 2072 sacer,

179 2100 235 2171 Qui
257 2101 338 2174 leges
360 2102 457 2174 pretio
480 2100 544 2176 figit
566 2100 718 2175 pretioque
742 2099 840 2172 refigit

138 2215 164 2256 ro
222 2196 262 2253 Et
285 2197 358 2254 caeli
380 2195 465 2255 fictas
488 2198 588 2255 vendit
611 2213 716 2255 avarus
739 2212 819 2268 opes,

178 2291 290 2349 Ebrius
313 2293 439 2349 innocuo
463 2297 630 2350 sanctorum
653 2290 802 2362 sanguine,
829 2288 938 2345 Christi

221 2385 261 2443 Vt
284 2387 343 2443 ruit
365 2387 395 2442 in
419 2387 556 2445 miserum
580 2403 634 2444 ceu
656 2386 702 2445 lea
725 2401 813 2443 saeva
834 2399 961 2456 gregem,

179 2481 228 2538 Nil
250 2482 428 2538 intentatum
451 2482 606 2540 scelerisve
630 2480 727 2539 dolive
750 2481 922 2553 relinquens,

222 2575 247 2631 E
272 2579 336 2632 toto
353 2573 465 2633 'nomen
488 2577 571 2634 tollat
593 2582 625 2634 ut
648 2575 718 2633 orbe
740 2574 798 2632 Dei

137 2669 293 2742 teporque
317 2686 385 2728 suos
408 2671 575 2736 monachos,
600 2669 723 2742 Cocytia
745 2673 887 2736 monstra,
908 2667 1028 2725 Baalem
1097 2720 1103 2730 ,,

222 2762 356 2822 Moribus
381 2769 410 2822 et
432 2762 529 2823 firmet
552 2782 642 2838 regna
664 2765 783 2822 inimica
806 2763 901 2831 bonis,

179 2859 213 2916 In
236 2859 340 2932 quibus
364 2860 508 2933 impietas
532 2861 693 2928 mendacia,
717 2859 806 2918 foeda
827 2858 919 2916 libido

222 2954 279 3012 Pro
305 2953 422 3013 Christo
446 2961 565 3014 teneant
587 2953 698 3028 proque
720 2952 834 3026 pudore
856 2952 960 3009 locum.

179 3050 257 3120 Quos
281 3066 371 3121 penes
394 3056 440 3126 cst
462 3068 546 3123 reges
568 3051 666 3122 legum
689 3048 857 3106 veneranda
878 3052 1021 3120 potestas,

135 3165 164 3205 20
224 3144 299 3213 Heu,
322 3145 409 3216 pauci
433 3145 557 3204 credunt
578 3145 706 3202 muneris
730 3160 794 3201 esse
818 3142 863 3200 sui

177 3241 218 3297 Et
241 3255 345 3297 curare
369 3240 484 3299 scholas
507 3246 537 3297 et
560 3240 698 3312 dogmata
721 3254 793 3296 vera
815 3236 893 3294 tucri
1003 3241 1005 3246 '

221 3333 370 3407 Quemque
394 3335 438 3391 sui
462 3335 570 3392 cultum
593 3333 766 3406 comprobat
786 3333 852 3404 ipse
873 3331 964 3401 Deus,

178 3428 235 3486 Pro
258 3429 356 3500 patria
379 3429 496 3498 armari,
521 3429 678 3486 detrudere
702 3426 808 3486 finibus
831 3426 946 3484 hostem

221 3524 262 3580 Et
284 3522 356 3581 dare
379 3523 468 3597 digna
489 3522 574 3582 bonis
597 3524 738 3596 praemia,
764 3522 851 3594 digna
874 3521 966 3579 malis,

134 3637 163 3678 as
179 3618 310 3676 Maxima
332 3637 400 3691 pars
422 3619 527 3679 Latiae
549 3618 712 3677 meretricis
736 3617 841 3689 pocula
864 3615 964 3673 sorbet
