2490 4080
564 797 586 852 Ι.

363 931 536 988 rolrrns
558 931 787 989 DANTISOVS.

440 1060 493 1116 Ad
516 1060 711 1118 Grinaoanr.

133 1189 226 1258 Quam
249 1188 339 1244 durae
362 1189 461 1245 miseri
485 1195 551 1245 sunt
575 1190 752 1247 conditionis
776 1196 916 1260 amantes,

177 1283 232 1353 Qui
254 1283 347 1339 nullas
372 1283 456 1339 sedes
479 1300 533 1339 nec
556 1284 621 1340 loca
644 1288 725 1340 certa
748 1284 861 1341 tonent!

134 1378 183 1434 Nil
207 1377 294 1434 datur
316 1382 474 1445 aeternum,
501 1378 552 1434 sed
575 1395 630 1449 quo
654 1378 732 1448 rapit
754 1379 888 1448 impetus
912 1379 980 1436 illuc

177 1471 314 1543 Arnbigui
337 1473 367 1527 in
390 1471 486 1529 dubiis
509 1477 630 1542 pectora
652 1471 739 1528 rebus
763 1477 861 1542 agunt.

106 1566 244 1624 aErrant
267 1571 296 1623 et
318 1583 385 1622 raro
409 1566 525 1637 placida
548 1567 675 1623 statione
698 1565 835 1622 fruuntur

178 1661 274 1732 Atque
298 1661 356 1716 alia
379 1677 413 1716 ex
437 1661 501 1717 aliis
525 1660 577 1717 sub
600 1661 669 1732 iuga
692 1661 799 1716 amoris
824 1665 902 1717 eunt.

135 1756 216 1812 Haec
239 1755 349 1826 placuit
370 1755 491 1824 Danais,
515 1754 608 1811 Latiis
632 1755 698 1811 hinc
721 1755 770 1810 illa
794 1753 846 1810 sub
871 1755 939 1824 oris,

177 1849 259 1906 Haec
280 1847 375 1918 fulvis,
400 1850 491 1906 niveis
514 1850 626 1920 gratior
649 1849 698 1905 illa
722 1850 826 1920 conris3

135 1946 236 2002 Aurea
259 1944 404 2015 disposuit
425 1944 563 2014 pulchrae
586 1944 660 2000 haec
683 1943 854 2000 redimicula
876 1944 966 2001 vittae

92 2060 120 2101 10
177 2038 319 2110 Moreque
343 2038 487 2095 Germano
511 2038 556 2094 vel
579 2039 647 2095 lonc
672 2039 759 2110 (ligna
781 2037 844 2094 fuit.

136 2134 195 2191 Sub
218 2133 314 2204 gelido
338 2133 441 2189 Arctoi
464 2134 560 2203 placet
583 2133 676 2189 altera
698 2133 795 2189 sidero
819 2132 892 2189 caeli

180 2227 344 2284 Candentes
368 2244 508 2297 superans
534 2227 658 2284 candida
680 2231 744 2284 tota
767 2244 859 2284 rosas

136 2324 269 2394 Denique
293 2338 472 2393 quocumque
495 2321 655 2379 adveniunt
677 2327 812 2393 terraque
836 2322 973 2394 ararique,

179 2415 352 2487 Hospitibus
376 2415 473 2472 varius
498 2414 587 2472 corda
609 2420 744 2486 pererrat
766 2417 871 2488 Arnor;

96 2531 123 2573 15
137 2512 178 2568 Et
201 2511 269 2567 (lum
290 2511 349 2567 iarn
371 2511 477 2567 tacitos
500 2510 625 2581 inspirat
648 2509 787 2566 subdolus
810 2511 902 2582 ignes

181 2606 215 2663 In
237 2606 338 2676 longas
360 2605 466 2661 iterum
490 2605 569 2676 cogit
591 2604 675 2661 abire
698 2605 770 2660 vias.

138 2700 257 2772 Singula
279 2717 354 2756 nunc
376 2700 491 2768 misere,
517 2699 584 2755 dum
606 2704 645 2767 te,
671 2698 807 2767 Grinaea‚
832 2699 971 2771 relinquo,

180 2795 327 2866 Experior
348 2799 462 2850 vastum
485 2811 605 2865 carpere
627 2795 724 2850 iussus
748 2793 812 2849 iter.

139 2890 215 2960 Quid
236 2890 328 2960 magis
352 2889 501 2945 excruciat
524 2905 609 2960 quarn
631 2893 718 2960 grata
741 2887 904 2958 relinquere
928 2892 1033 2958 coepta

95 3003 124 3045 ao
181 2984 222 3041 Et
244 3000 334 3054 spem,
359 2999 432 3054 quac
454 2983 577 3039 miseros
601 2983 664 3040 sola
687 2983 718 3038 in
741 2998 839 3038 arnore
862 2979 951 3038 beat?

140 3078 187 3135 Sic
211 3078 286 3134 solet
308 3078 449 3148 impastus
472 3077 534 3133 viso
557 3077 642 3148 lupus
666 3077 709 3133 ire
733 3076 769 3133 ab
786 3076 863 3144 ovili,

183 3172 230 3229 Sic
253 3173 316 3244 apis
339 3188 375 3228 ex
399 3170 476 3227 dulci
497 3169 571 3227 flore
594 3171 712 3242 repulsa
734 3172 827 3241 volat3

138 3267 293 3338 Decipitur
315 3267 416 3322 sitiens
438 3264 570 3337 fugitivis
593 3265 734 3322 Tantalus
757 3265 842 3321 unalis

182 3361 223 3418 Et
245 3360 322 3433 quod
345 3366 486 3432 perpetuo
509 3361 615 3431 poscit,
639 3359 748 3416 habere
770 3360 878 3431 nequit.

97 3476 126 3518 25
140 3457 251 3514 Durior
273 3461 318 3512 ast
339 3472 405 3512 mea
427 3472 500 3525 sora
526 3455 594 3511 dum
619 3454 722 3511 desero
746 3459 874 3510 maestus
897 3460 1033 3524 amatam,

183 3550 263 3620 Quae
286 3567 331 3606 rne
354 3549 540 3621 prosequitur
561 3565 664 3620 meque
687 3553 787 3605 tencre
811 3548 900 3619 cupit.

140 3657 180 3690 Lat.
194 3655 374 3689 Litteraturdennm.
386 3654 405 3688 7.
918 3643 942 3694 Χ
