2490 4080
578 478 657 534 VIII.

355 640 528 698 IOANNES
552 640 891 698 LAVTERBACHIVS.

269 787 439 845 Merituri
461 791 580 844 vetum
601 804 664 858 pre
688 788 804 845 salute
827 788 978 858 patriae.

177 919 238 976 Ceu
262 916 309 989 qui
334 914 493 972 cenduetes
517 915 660 972 habitavit
682 914 759 973 ferte
781 923 902 987 penates
954 931 958 938 ·

137 1047 140 1053 ·
219 1012 277 1068 Res
300 1010 372 1082 legit
393 1009 499 1066 inlatas
522 1014 639 1080 tumque
662 1011 770 1067 salutat
792 1010 903 1078 herum,

176 1105 329 1177 Temporis
353 1103 449 1175 exigui
474 1104 515 1159 sie
539 1104 646 1175 hospes
670 1104 783 1176 eenlige
808 1120 886 1171 vasa,
912 1104 914 1109 ’

220 1200 304 1258 Ostia
327 1215 404 1255 mers
428 1198 533 1268 pulsat,
558 1198 725 1270 grandeque
748 1202 842 1255 restat
864 1199 928 1254 iter.

150 1295 276 1356 eAltrix
300 1298 411 1362 nestra,
436 1291 513 1349 vale!
539 1291 619 1350 Caeli
641 1291 813 1364 prefieiseer
835 1293 873 1350 ed
896 1309 1002 1360 aream,

221 1389 278 1445 Est
300 1388 351 1444 ubi
375 1387 488 1465 deleete
512 1387 623 1444 mansie
648 1392 728 1444 eerta
750 1387 840 1459 gregi.

174 1484 284 1540 Misrha
307 1481 399 1538 duleis
424 1497 477 1538 ave
501 1487 590 1553 eaput
611 1482 688 1539 inter
710 1481 809 1539 nubila
833 1481 970 1552 cendone,

220 1575 364 1634 Aeriferis
387 1576 502 1647 pridem
524 1575 680 1634 nobilitata
702 1577 787 1648 iugiS,

176 1672 304 1743 Legibus
329 1671 473 1728 excellens
496 1672 685 1743 praelataque
708 1669 834 1728 fortibus
858 1670 955 1739 armis,

133 1787 161 1828 10
220 1766 305 1823 Civili
327 1765 444 1837 pepule,
469 1763 631 1834 fertilitate,
656 1764 727 1822 situ!

176 1859 287 1918 Ausere
312 1860 353 1916 nil
375 1877 488 1917 meeum
512 1859 547 1916 de
571 1860 657 1916 rebus
683 1859 791 1916 serima
813 1864 932 1930 praeter

221 1956 324 2023 Parve,
349 1953 452 2026 quibus
476 1953 622 2021 reeubem,
647 1953 815 2025 lirrteelique
839 1954 932 2024 sinus3

178 2050 326 2122 Quidquid
349 2050 379 2105 ih
403 2048 472 2106 erbe
496 2065 591 2104 meum
614 2048 762 2117 credebat,
786 2047 926 2119 plurimus
950 2047 1054 2105 haeres

219 2144 351 2214 Dividat‚
375 2149 408 2200 ut
429 2141 474 2200 fas
499 2148 552 2211 est,
576 2143 656 2200 nerit
679 2159 770 2215 eeque
794 2141 860 2199 frui.

133 2238 322 2299 150011ve11it
344 2238 419 2294 hene
443 2237 568 2295 animam
590 2237 696 2295 laeteri
718 2238 844 2295 reddere
867 2254 982 2309 magne,

219 2334 253 2389 In
277 2332 364 2389 viridi
388 2349 493 2403 cerpus
516 2337 601 2404 putre
625 2333 755 2405 quiescat
778 2333 875 2402 hume,

175 2427 360 2484 Exhaustum
384 2427 470 2496 curie,
495 2428 683 2499 languoribus
708 2431 794 2498 atque
816 2427 928 2494 labere,

220 2521 313 2590 Quem
334 2522 382 2578 lex
404 2522 502 2593 prisea
524 2522 593 2592 pell,
618 2539 702 2593 quem
726 2522 870 2592 stetquue
895 2521 984 2577 dedit.

177 2616 217 2674 Te
240 2633 330 2687 penes
354 2632 390 2672 en
412 2615 508 2672 famae
532 2616 646 2687 depene
671 2616 782 2671 einetus
807 2614 955 2681 henerem,

132 2732 161 2772 ee
220 2710 330 2779 Patria,
356 2716 387 2766 tu
411 2727 512 2766 eursus
536 2710 620 2766 testis
645 2727 676 2766 es
699 2710 764 2780 ipsa
786 2706 856 2764 mei!

178 2804 276 2862 Rebus
300 2805 330 2862 in
353 2804 499 2861 aethereis
523 2804 603 2860 tenui
627 2820 700 2875 quae
725 2802 814 2860 eerde
838 2801 978 2874 loquebar

220 2900 277 2957 Pre
302 2898 419 2955 medule
443 2898 500 2954 iuri
525 2898 703 2970 consilioque
727 2897 825 2954 duces,

176 2992 315 3050 Abstinui
338 2993 445 3060 vetitis,
471 2993 546 3049 eelui
570 2993 717 3050 studiosus
742 3008 879 3059 emerem,

217 3088 287 3145 Alta
309 3087 394 3143 nimis
417 3085 478 3158 fugi
502 3087 605 3144 doetus
629 3088 727 3159 iniqua
750 3087 820 3158 pati.

134 3202 163 3244 ‘25
180 3182 283 3240 GratIa
306 3181 384 3253 qued
407 3187 533 3253 nequeat
556 3181 609 3238 tibi
634 3182 685 3239 sed
707 3182 839 3253 plenaria
862 3179 946 3237 reddi

221 3277 279 3334 Pre
304 3276 415 3332 meritis
440 3277 534 3345 rideo,
558 3293 678 3347 prersus
703 3276 739 3334 eh
763 3276 848 3348 idque
872 3292 965 3347 geme.
