2490 4080
462 272 482 316 1.
505 271 659 317 GEORGIVS
673 272 781 317 LOGVS.

220 447 384 517 Praedetur
406 447 516 505 formae
540 449 581 505 sie
605 448 713 505 decora
735 448 785 504 illa
808 444 898 504 suae*

184 540 208 600 Ο
232 559 296 614 ege,
321 548 403 599 tanta
426 544 495 600 milri
518 562 553 601 nc
577 543 615 600 sit
636 544 723 600 mode
746 560 842 614 pecua
864 538 1000 597 feremla!

136 655 164 695 ar
222 636 257 693 In
279 636 352 694 dura
376 654 477 694 saxum
500 656 584 710 qnam
607 639 725 710 scapulo
750 654 814 693 csse
837 636 932 701 velim,

179 730 265 787 Stare
288 732 334 787 vel
356 732 468 789 undose
485 742 584 790 cautes
608 732 775 790 circumflua
797 736 897 802 prante,

223 825 353 882 Horrida
377 844 460 898 squam
485 829 562 884 saevi
585 828 720 885 verberat
745 826 822 883 mula
845 825 943 881 nnn-is.

179 920 301 989 Quande
325 921 381 977 erit
403 922 452 978 illa
476 922 547 992 dica,
573 941 637 979 cum
659 928 697 989 te,
722 939 787 978 men
810 922 878 987 rita,
903 917 1009 975 villelm

220 1014 262 1070 Et
284 1013 370 1087 figam
392 1017 485 1073 roseis
509 1017 607 1074 escula
631 1022 731 1073 uestra
753 1016 844 1083 utens,

141 1128 169 1167 aa
184 1108 292 1168 Oscula
314 1111 359 1166 rel
382 1111 462 1167 eaelo
487 1111 559 1167 (liris
582 1129 640 1168 non
664 1111 780 1182 cognita
803 1112 831 1166 in
854 1110 927 1180 ipse,

222 1204 326 1274 Qualia
348 1221 402 1262 nec
425 1205 515 1261 Marti
539 1206 590 1262 unt
613 1205 709 1262 Venus
733 1205 808 1262 alula
831 1222 892 1271 sue,

179 1298 220 1355 Et
242 1304 359 1371 tangam
382 1305 547 1372 teretesque
570 1318 670 1356 rannus
694 1317 850 1370 veseasque
873 1296 997 1369 papillas

222 1394 404 1466 Pectoraque
428 1395 553 1451 intactas
577 1395 692 1452 vincere
716 1395 803 1465 digna
827 1389 926 1448 uires?

182 1489 305 1559 Quande
330 1506 383 1561 ege
407 1495 436 1546 te
460 1508 546 1547 saeva
568 1490 738 1547 redeuntem
762 1506 779 1545 a
802 1488 891 1544 eaelle
914 1486 1054 1555 ferarum,

138 1601 166 1642 tra
223 1582 335 1640 Dianae
359 1585 498 1654 aspiciam
521 1601 641 1641 munera
663 1583 740 1640 ferre
763 1590 840 1651 tuae,

181 1677 279 1735 Setosi
302 1684 387 1755 caput
412 1688 461 1734 aut
485 1680 548 1750 apri
571 1684 620 1736 aut
645 1696 708 1735 eum
731 1678 866 1735 dentibus
890 1675 963 1732 albis

222 1773 281 1829 Ora
303 1772 364 1843 lupi
386 1772 497 1829 faribus
521 1780 604 1830 torva
628 1774 726 1830 dicare
750 1769 859 1829 sacris?

182 1866 300 1923 Interea
323 1866 437 1937 quamlu
462 1867 552 1925 durae
575 1868 696 1924 lmrrilla
718 1867 828 1936 frigora
850 1867 970 1923 brumae

222 1960 383 2018 Absentem
405 1961 501 2033 gelida
525 1962 577 2019 sub
601 1963 718 2033 regione
742 1967 850 2030 teuent,

139 2074 167 2115 ee
182 2056 258 2113 Fata
281 2055 351 2113 cleos
375 2073 482 2128 quaese
506 2057 559 2113 tibi
583 2057 651 2114 (lent
675 2057 843 2114 mollissima
867 2062 894 2112 et
918 2073 1029 2124 aerum,

124 2142 131 2155 ¹
224 2150 361 2222 Quaeque
385 2152 448 2207 aliis
474 2152 546 2208 (lura
570 2159 623 2220 est,
649 2152 686 2207 sit
709 2152 763 2208 tibi
786 2151 879 2208 rirellis
904 2151 1006 2217 hiems,

178 2245 224 2302 Ne
248 2252 385 2302 concreta
407 2247 461 2303 tibi
484 2253 599 2303 teneras
623 2247 701 2303 unela
724 2264 829 2318 aspera
850 2246 965 2316 plantas

222 2340 303 2398 Neve
327 2346 406 2398 secet
429 2342 564 2412 pulchras
588 2342 689 2398 clarior
711 2358 783 2398 aura
805 2356 893 2409 nerias

181 2433 313 2492 Candida
337 2453 410 2493 neve
432 2442 482 2492 tua
508 2437 556 2492 nix
578 2437 716 2494 insidiata
739 2436 827 2492 nitori

139 2547 168 2587 aa
226 2529 405 2602 Praecipitet
427 2530 527 2587 faciles
551 2530 697 2588 lubricavc
720 2531 798 2587 unda
819 2530 919 2601 pedes.

179 2625 246 2697 Ipse
270 2643 324 2696 ene
348 2625 425 2696 <quael
447 2642 565 2695 possum
588 2626 709 2682 mcmeri
736 2632 765 2683 te
788 2627 818 2682 in
842 2625 929 2682 corde
958 2624 1115 2697 animoque

221 2720 382 2777 Absentem
405 2719 490 2790 inque
513 2719 571 2776 imo
594 2725 714 2791 pectore
738 2737 852 2790 semper
875 2736 948 2776 arna

177 2816 253 2872 Nam
277 2814 366 2870 veluti
389 2830 471 2870 veras
496 2814 650 2872 simulacra
674 2815 817 2871 imitantia
839 2813 948 2871 formas

222 2909 280 2966 Par
302 2907 414 2965 levibus
437 2910 531 2966 ventis
556 2927 659 2981 corpus
683 2911 768 2965 inane
791 2913 903 2977 nerunt,

141 3022 169 3064 75
184 3003 233 3061 Sic
255 3003 326 3059 mihi
350 3020 417 3060 cara
440 3005 530 3081 oculis
553 3010 585 3060 tu
608 3021 694 3075 saepe
719 3005 844 3060 (accurrit
867 3004 973 3074 anagn,

222 3098 311 3155 Fallit
334 3104 364 3156 et
386 3099 519 3157 admotas
543 3099 645 3156 umbra
667 3099 760 3170 petita
782 3115 892 3155 manus.

182 3192 276 3264 Saepe
300 3210 353 3265 ege
377 3195 487 3252 solatus
511 3195 648 3250 miserum
669 3193 816 3250 testudine
840 3210 968 3250 arnorem

225 3287 363 3345 Percurri
386 3294 489 3360 arguta
512 3287 561 3345 fila
584 3305 692 3344 canera
714 3305 809 3356 manu,

184 3381 256 3439 Cum
278 3383 349 3440 mihi
372 3389 404 3440 tu
426 3399 564 3454 praesens
588 3382 709 3439 chereas
733 3399 764 3439 es
788 3382 894 3440 (lucere
916 3383 1009 3440 lactas
1061 3447 1066 3456 Ι

137 3496 167 3537 se
224 3477 265 3534 Et
288 3478 361 3535 scite
385 3477 520 3549 exiguum
543 3477 604 3533 visa
626 3494 742 3534 movere
765 3477 878 3548 pedem.

181 3573 237 3630 Hic
260 3572 331 3628 mihi
354 3577 422 3627 tuuc
444 3570 532 3627 fuerit
555 3571 639 3643 leuge
662 3572 844 3643 gratissimus
868 3588 959 3640 error,

224 3665 256 3723 Si
278 3666 367 3723 modo
391 3665 429 3721 sit
452 3664 487 3721 de
511 3682 556 3722 mc
579 3672 679 3723 mutua
701 3681 771 3724 cura
793 3665 855 3723 tibi.
