2490 4080
445 233 487 278 lx.
515 232 656 279 EOBANVS
678 233 803 280 HESSVS.

222 409 340 466 Alcides
364 411 460 468 animo
483 428 543 468 000
566 411 718 468 dubitante
741 411 816 476 tulit,

180 502 259 560 Sient
283 504 328 577 (ut
350 522 368 561 a
392 506 467 561 veiis
490 506 593 577 procul
616 506 693 562 absit
715 504 826 579 fabula)
851 503 1001 561 Christum

222 598 363 656 Adseruit
386 598 474 657 rebus
498 600 584 657 turba
608 607 708 657 secuta
732 617 856 656 erueem.

179 692 255 749 Nam
278 694 346 764 quid
370 698 434 751 erat
456 694 552 751 verbis
576 696 654 751 velut
679 696 738 752 otia
762 711 835 751 vana
859 698 986 760 secutos,

135 804 164 845 so
222 786 289 844 Non
312 789 437 861 aliquam
460 789 547 870 rebus
572 790 759 847 constituisse
783 788 890 846 tidem?

181 880 228 937 Sie
251 883 347 939 animo
370 884 428 940 ruit
453 884 561 940 invieto
587 884 731 941 liutherus
755 885 785 939 in
808 900 908 941 omnes

222 976 369 1034 Fortunae
394 979 516 1035 insultus
540 980 724 1050 invidiaeque
748 980 840 1035 minas

181 1070 285 1127 Certus
308 1073 338 1127 in
360 1072 417 1130 hoe
445 1074 542 1142 etiam,
572 1091 655 1145 quem
682 1074 842 1144 praedicat,
873 1071 972 1128 omina
996 1069 1093 1126 Christ

222 1165 355 1235 Vincere,
380 1169 425 1224 vel
448 1168 555 1225 mundo
579 1169 638 1225 sint
660 1168 796 1239 graviora
818 1168 895 1223 lieet..

138 1278 167 1320 35
183 1260 238 1316 Ilio
261 1262 340 1330 mihi,
364 1280 418 1319 nee
443 1280 543 1320 vecors
567 1263 670 1319 rabula
693 1268 743 1319 aut
766 1262 883 1319 indocte
908 1260 1057 1327 sacerdos,

225 1356 356 1428 Ogganni
381 1358 529 1415 haeretice
554 1359 684 1429 polluere
708 1374 758 1414 ore
781 1355 878 1412 fidem.

182 1449 306 1522 Tempus
331 1453 396 1521 orit,
422 1470 477 1524 (quo
501 1458 530 1508 te
554 1470 606 1509 nos
631 1452 805 1523 accipiemus
830 1456 963 1507 orantem
1024 1493 1029 1502 .

224 1545 257 1601 10
281 1552 369 1617 00001
391 1551 528 1618 urgentes
552 1547 649 1603 onmia
672 1546 737 1603 dira
759 1552 849 1602 tuum.

180 1641 264 1697 Nune
287 1641 326 1697 illi
351 1642 449 1699 decuit
471 1643 599 1699 venienti
622 1642 807 1713 applaudere,
832 1656 990 1712 perquem

139 1753 168 1795 ao
226 1736 382 1793 Lueidiore
406 1736 497 1793 tluunt
523 1738 639 1794 lthenus
664 1742 694 1793 et
716 1737 799 1793 Albis
823 1752 906 1806 aqua,

182 1827 234 1886 Cui
258 1830 327 1886 lieet
350 1831 470 1899 exiguus
494 1832 621 1888 venienti
644 1830 736 1888 tleetit
759 1831 865 1887 Hieras

225 1924 342 1981 Cornua
365 1942 422 1982 000
445 1926 564 1997 proprio
589 1926 709 1983 sordida
731 1925 810 1983 faeta
832 1925 903 1980 luto.

182 2018 233 2075 Ille
256 2019 359 2077 breves
383 2020 470 2091 longa
493 2021 605 2078 velatus
629 2020 791 2078 harundine
815 2020 919 2084 crines,

227 2113 362 2171 Creditus
387 2120 431 2172 est
455 2121 534 2172 eerte
559 2117 600 2172 sie
623 2116 748 2173 voluisse
771 2114 863 2185 loqui:

139 2226 168 2268 40
184 2210 434 2282 ‘ttuaurdoquidem
457 2216 574 2267 cessant
596 2210 737 2267 luimanao
760 2211 790 2265 in
814 2209 942 2265 earmina
965 2207 1080 2277 linguae

225 2303 263 2359 Et
286 2305 420 2376 stupidae
444 2322 530 2362 voees
555 2322 698 2376 raucaque
722 2304 812 2361 rerba
834 2304 939 2370 iacent,

182 2397 241 2455 Cur
262 2397 351 2455 fuerit
373 2401 486 2465 mirum,
512 2400 536 2456 si
560 2405 640 2457 muta
663 2401 806 2456 elementa
829 2399 991 2469 loquantur,

226 2492 323 2564 Prata,
348 2494 436 2562 laeus,
462 2502 584 2560 montes,
608 2493 736 2562 flumina,
761 2510 840 2561 saxa,
865 2492 954 2558 ferae,

183 2586 344 2657 Praecipue
368 2594 523 2659 superante
547 2606 639 2646 00000
663 2589 820 2660 praeconia
842 2587 936 2644 laudis

140 2698 168 2740 50
227 2681 363 2751 Materia,
388 2700 461 2754 quae
485 2684 523 2739 sit·
546 2684 592 2739 vix
617 2683 752 2740 habitura
775 2679 895 2754 parem?

186 2776 241 2844 oui
264 2777 373 2847 primus
398 2777 506 2834 Christi
529 2795 654 2850 purgare
679 2795 832 2850 aggressus
857 2776 931 2833 ovile

227 2870 365 2928 Pastores
391 2873 487 2930 ovium
510 2873 641 2944 prodidit
665 2890 728 2929 esse
751 2874 844 2943 lupos,

184 2967 281 3023 Ausus
305 2972 335 3023 et
357 2985 374 3024 a
399 2969 516 3024 summis
540 2968 684 3024 rationem
707 2984 837 3038 poscere,
862 2965 940 3022 furta

227 3059 312 3132 Spem
336 3063 403 3118 tulit
426 3062 539 3119 1110000
563 3078 649 3133 00000
672 3062 764 3119 latere
789 3062 852 3131 diu;

140 3156 235 3217 001110
259 3156 308 3212 nbi
332 3156 370 3213 ad
392 3156 466 3213 liano
490 3158 578 3226 verrit,
602 3174 686 3228 aquam
711 3161 829 3227 praeter
848 3155 980 3222 labimur,
1005 3153 1097 3210 urben

226 3250 284 3307 Fas
308 3256 372 3307 erat
394 3251 441 3307 hio
465 3252 590 3322 aliquam
614 3252 789 3308 conticuisse
814 3247 945 3322 chelym?

184 3346 249 3401 Non
274 3345 370 3401 deenit
395 3344 486 3401 festos
510 3347 540 3402 10
562 3346 679 3416 publiea
702 3346 809 3417 gaudia
834 3347 926 3402 cultus

227 3439 346 3497 Sumere
370 3444 400 3497 et
422 3446 524 3497 aerata
548 3439 680 3511 cymbala
703 3440 780 3497 iuste
804 3437 905 3512 quati?

184 3535 250 3607 Ipse
274 3552 337 3605 ego,
362 3541 394 3591 ut
417 3536 468 3591 has
493 3536 570 3606 ripas
587 3536 692 3606 tetigit,
717 3536 900 3606 tranquillior
922 3534 1008 3593 ilmm.

140 3649 168 3690 00
226 3631 391 3701 Nostraque
414 3630 478 3700 plus
502 3630 588 3686 solite
612 3631 714 3701 purior
736 3630 815 3686 unda
837 3630 900 3698 fuit,
