2490 4080
190 210 234 258 nr.
261 212 291 256 u.
315 200 443 258 cornus
488 213 509 259 1.
533 214 634 260 eruas.
678 215 727 260 en.
752 213 996 260 nsuancnrnon.
1054 204 1112 261 105

133 406 179 449 210
195 386 230 445 In
251 388 363 446 laevum
386 388 484 461 gladio
507 390 584 448 nrala
607 390 698 448 deicit
721 391 837 464 agmina
859 391 973 448 rictum.

194 481 284 541 Plena
306 483 353 540 his
374 484 525 542 calvastris
549 485 677 542 trahitur
700 502 830 555 carruca,
855 502 909 543 nec
931 502 1051 558 usquam

193 576 261 634 Plus
286 576 383 635 densis
406 578 518 637 autimas
541 580 693 638 incursant
715 580 872 638 daemones
896 580 994 638 armis.

562 707 685 780 Sylvius

193 808 261 867 Non
282 799 374 883 magis
398 810 545 875 ausculto,
570 811 655 868 nimis
679 828 719 882 es,
745 808 935 884 Polyphemo,
962 811 1113 884 profanus.

192 902 246 961 Sat
267 908 355 976 super
376 904 431 975 his,
455 906 567 964 intrant
590 922 709 978 sparsae
734 906 865 977 coryleta
888 907 1032 979 capellae:

131 1015 179 1059 aro
193 997 238 1056 Ne
255 992 339 1071 quam
354 999 466 1071 praedo
481 999 566 1071 lupus
589 1017 724 1072 prensam
748 1000 883 1070 deducat,
909 1001 1034 1059 cundum
1057 1005 1111 1059 cst.

522 1168 726 1177 *—

466 1299 641 1357 IOANNES
666 1299 792 1358 GIGAS.

441 1436 609 1494 Ecclesia
636 1436 807 1509 loquitur.

176 1545 305 1605 Tandem
328 1547 423 1620 aliquo
446 1549 558 1620 priscas
583 1547 697 1619 conlegi
718 1563 837 1604 munero
861 1546 946 1616 viros,

218 1638 259 1699 Et
280 1659 346 1700 mea
368 1643 549 1700 commodior
572 1642 695 1700 carbasa
717 1646 820 1699 ventus
844 1641 904 1707 alit,

176 1734 266 1808 quue
289 1737 345 1809 piis
369 1742 455 1809 atque
479 1736 605 1794 assiduis
629 1754 692 1794 sum
714 1741 802 1795 nacta
825 1735 965 1808 querelis:

219 1829 289 1888 Vult
313 1831 420 1889 etenim
442 1831 567 1903 gemitus
591 1837 621 1890 ct
642 1832 693 1904 pia
715 1836 784 1890 vota
805 1830 895 1889 Deus,

149 1923 260 1983 aVana
283 1926 453 1997 superstitio
477 1922 626 1998 sepelitur,
650 1942 726 1984 vana
747 1925 853 1997 libid03

217 2018 259 2076 Et
282 2020 403 2077 concors
427 2020 488 2077 veri
512 2021 618 2078 crescit
641 2020 715 2078 ovile
738 2019 803 2089 Dei,

175 2111 287 2171 Crescit
309 2119 339 2171 et
361 2118 493 2187 augetur,
519 2113 628 2171 Christi
652 2117 794 2186 purgatur
816 2112 899 2181 ovile,

216 2209 261 2265 Ac
282 2209 382 2281 prodit
404 2210 488 2281 pulsa
510 2208 586 2266 nube
610 2224 714 2266 serena
738 2207 809 2265 dies,

177 2302 314 2375 Quaeque
339 2303 388 2361 diu
410 2303 502 2361 iacuit
525 2303 623 2360 densis
646 2318 788 2374 oppressa
811 2301 940 2359 tenebris

134 2415 161 2457 ro
219 2395 323 2455 Prodit
347 2414 410 2454 cum
434 2414 506 2455 sana
528 2398 669 2470 religione
692 2396 775 2454 fides.

173 2490 237 2562 Qua
259 2492 322 2550 sola
347 2490 464 2550 Christo
487 2491 559 2549 iusti
581 2496 751 2564 reputamur
774 2496 807 2564 et,
826 2491 905 2548 illam

215 2586 399 2660 Ingredimnr
421 2603 494 2659 quae
517 2603 570 2644 nos
595 2585 675 2643 ducit
697 2586 735 2644 ad
759 2591 840 2644 astra
861 2587 946 2656 viam,

173 2679 337 2754 Sanctaque
360 2681 482 2739 libertas
504 2681 618 2740 nebulis
643 2697 791 2753 emergere
815 2682 921 2752 coepit,

216 2775 297 2846 Quae
321 2762 413 2834 iacuit
434 2776 549 2834 miseris
574 2775 754 2833 dedecorata
775 2774 880 2832 modis.

131 2886 159 2930 15
172 2869 259 2942 Ergo
276 2870 364 2929 hodie
387 2870 496 2928 nostris
519 2868 590 2928 felix
613 2868 771 2927 concordia
794 2868 881 2925 terris
918 2857 940 2941 J

216 2964 331 3038 Surgat
356 2970 386 3022 ct
408 2982 498 3023 aurea
520 2981 596 3022 nnnc
619 2968 752 3035 tempora
775 2979 875 3020 rursus
900 2965 993 3049 crunt.

517 3135 556 3141 ..-
560 3133 722 3140 .---·.-...

220 3262 225 3273 ’
270 3235 272 3239 ’
341 3263 556 3338 ‚Paruimus
580 3222 896 3343 nnnnncurnon

473 3401 594 3472 Imago
619 3392 756 3463 somnii.
864 3424 890 3461 ,·
915 3408 939 3426 ·“

175 3511 295 3570 Aiacem
312 3511 379 3568 uidi
401 3517 537 3582 stantem,
560 3512 703 3571 iuvenilia
721 3511 858 3578 membra,

197 3594 273 3677 sont
294 3604 370 3682 fulvi
388 3606 506 3663 indutus
529 3606 604 3678 pelle
627 3607 720 3664 lconis
744 3610 823 3677 erat;
