2490 4080
155 238 175 283 1.
196 238 315 285 Pnrnvs
330 240 494 286 norrofflvs
508 242 675 288 SEOVNDVS.
708 241 811 287 ann'o
827 241 996 289 snrnnnws,
1026 230 1061 288 21
1136 238 1139 242 ’

136 415 177 471 Et
199 418 428 490 consanguineas
452 418 528 476 dulci
553 436 617 476 cum
639 423 732 476 matre
755 420 865 491 puellas

179 511 338 584 Linqueret
361 530 378 570 a
400 514 515 585 templis
538 530 597 570 non
619 514 751 571 reditura
773 514 899 571 domum.

136 605 184 662 Mc
208 607 354 676 miserum,
378 613 520 680 poterone
543 609 605 680 pati
627 614 768 680 poterone
792 606 924 665 mederi?

180 700 247 758 Non
268 709 382 774 potero,
407 704 496 759 tantis
520 721 600 761 mens
624 708 723 775 stupet
745 719 833 775 aegra
856 704 948 760 molis.

93 813 122 853 sa
138 796 214 863 Quid
237 814 295 854 uon
318 797 502 866 carminibus
528 798 596 870 quid
618 814 677 855 non
699 799 873 855 tentavimus
897 795 1017 855 herbis?

180 892 274 948 Inrita
295 893 338 948 vis
361 892 469 960 herbis
495 908 612 949 carmen
634 894 719 950 inane
741 891 807 949 fuit.

139 987 205 1058 lpse
228 991 313 1058 pater
334 992 432 1043 vatum
455 987 532 1044 dulci
554 1004 612 1044 uon
635 987 734 1045 attulit
755 988 842 1045 ullam

180 1081 309 1138 Bochius
333 1082 456 1154 cloquio,
480 1099 539 1139 non
562 1085 723 1140 Amasaeus
747 1099 841 1154 opem.

139 1178 311 1249 Appennino
335 1177 517 1249 valetoque,
542 1194 559 1233 o
583 1176 748 1234 dulcissime
771 1193 866 1235 reruni

95 1291 124 1332 oo
184 1271 349 1344 Compsam,
373 1271 426 1329 bas
451 1288 534 1328 curas
559 1277 588 1329 et
609 1289 675 1329 mea
697 1273 803 1328 damna
825 1271 902 1328 leva!

137 1367 181 1423 Tu
204 1383 325 1439 ipsoque,
350 1383 401 1423 sou
424 1365 554 1423 Panarus
577 1366 687 1438 gaudes
711 1367 747 1423 de
770 1382 851 1422 inore
874 1366 981 1433 vocari,

183 1463 284 1518 Amnis
308 1461 344 1518 ab
369 1461 456 1518 aeriis
480 1467 543 1517 orto
568 1460 774 1529 cacuminibus,

140 1556 245 1613 n'obilo
269 1574 319 1613 seu
341 1554 447 1612 flumen
472 1555 628 1612 Scultenna
650 1555 787 1612 libentius
810 1554 893 1612 audis

183 1651 240 1708 Son
263 1651 462 1722 quodcumque
486 1651 565 1706 iuvat
587 1667 693 1708 nomen
715 1650 832 1717 babere,
856 1648 934 1705 valo!

392 1992 524 2050 BRVNO
549 1991 765 2049 SEIDELIVS.

365 2087 368 2093 Ι
394 2123 431 2178 In
456 2121 673 2179 testudinem
696 2121 771 2178 oda.

245 2229 380 2300 Quisquis
403 2227 462 2283 tela
485 2225 636 2296 Cupidinis

285 2322 432 2393 Expertus
455 2320 577 2377 Veneris
600 2320 718 2386 laupuct
741 2317 898 2388 amoribus,

243 2417 320 2474 Voto
344 2433 396 2472 neo
418 2415 525 2472 t'nritur
547 2430 609 2481 suo,

285 2511 343 2569 Sed
368 2511 444 2567 curis
468 2509 564 2581 agitur
587 2525 639 2565 ccu
662 2508 734 2564 ratis
757 2508 893 2580 nudique,

244 2607 334 2676 Quem
358 2621 474 2663 saevum
498 2620 577 2661 mare
601 2601 737 2659 fluctibus

286 2701 399 2758 Insanis
423 2699 540 2770 rapiens
563 2699 593 2754 in
615 2697 691 2754 voda
715 2697 852 2766 compulit

244 2797 285 2852 Et
308 2797 355 2868 qui
378 2795 475 2851 limine
498 2794 618 2864 pellitur

284 2891 310 2947 Α
335 2906 413 2958 caro,
437 2888 529 2945 veteri
553 2891 668 2959 spretus
692 2887 828 2954 amasiae,

242 2985 402 3043 Iucundum
424 2989 509 3040 sonet
531 2982 577 3039 bio
599 2982 690 3039 melos

285 3079 463 3137 Concinnam
485 3077 585 3148 digitis
609 3076 768 3133 sollicitans
793 3074 904 3146 chelyn.

240 3173 311 3231 Mox
334 3173 444 3231 solacia
466 3171 600 3228 maximis

286 3268 370 3325 Curis
392 3268 528 3336 inveniet,
553 3271 675 3338 pectora
698 3265 817 3338 virginis

244 3362 377 3421 offensae
401 3363 464 3419 t'ora
487 3361 605 3417 molliet.

286 3459 348 3514 lras
370 3457 490 3514 flectcre
514 3456 631 3513 testudo
655 3471 757 3527 graves
780 3458 888 3526 potest.

98 3572 125 3614 15
245 3553 378 3624 Orpboae
403 3553 500 3608 sonitu
523 3552 603 3622 lyrae

285 3647 372 3702 lliras
397 3645 581 3717 obstupuisse
607 3644 784 3700 Eumenidas
808 3641 924 3709 terunt„
