2490 4080
460 294 481 339 1.
504 294 658 340 ononotvs
672 293 781 340 nodva.

181 469 274 540 Quam
297 471 378 528 iuxta
400 472 494 528 aerias
518 476 603 542 patet·
625 471 813 543 Appenninus
836 471 866 528 in
889 487 971 528 arcos

224 564 348 637 Altaque
373 566 485 623 saxosis
508 565 602 622 fertur
623 566 653 622 in
676 571 756 623 astra
778 566 862 638 iugis

138 676 166 717 ta
181 658 237 715 Hic.
260 676 305 716 me
328 658 480 717 florentem
505 661 618 729 studiis,
642 659 813 718 florentibus
838 660 929 728 annis,

223 753 429 826 Musarumque
454 756 535 812 chori
558 761 695 827 castaque
718 772 802 812 saona
824 755 932 823 iuvant,

180 848 220 905 Et
243 865 288 905 me
312 848 403 906 divini
424 849 519 907 fontes
544 855 573 906 et
596 866 718 907 amoena
742 850 834 907 uineta

223 941 386 1011 Delectant,
411 945 519 1001 sanetis
543 961 615 1016 quae
639 945 704 1002 loea
727 945 804 1001 culta
828 944 898 1001 deis.

181 1037 237 1094 Hic
259 1036 374 1094 habitat
397 1038 532 1096 Phoebus
556 1039 715 1111 Musaeque
739 1044 824 1111 atque
848 1040 959 1111 optiuna
981 1039 1086 1106 Pallas,

135 1149 166 1191 ao
226 1131 350 1204 Integris
374 1150 494 1204 quornm
516 1132 645 1190 fontibus
669 1150 722 1190 ora
743 1134 818 1203 lavo,

182 1225 253 1282 (lum
275 1232 374 1284 tamen
396 1227 508 1284 interca
530 1228 615 1298 longe
639 1228 695 1284 heu
717 1244 782 1286 mea
805 1228 895 1285 distat
919 1229 955 1286 ab
979 1228 1038 1286 oris

224 1320 326 1378 Italiae
351 1327 379 1378 et
403 1322 532 1379 sinente
555 1323 675 1393 pulchra
697 1322 829 1394 Lycinna
851 1328 956 1379 manet.

181 1414 273 1485 Quam
296 1417 404 1473 retinet
426 1417 542 1488 liquidis
566 1418 683 1487 piscosa
705 1416 809 1474 Silesia
832 1418 860 1473 in
884 1417 970 1485 aluis,

223 1509 320 1567 Odera
344 1512 478 1567 caeruleo
502 1528 556 1583 qua
580 1511 645 1568 tlnit
667 1528 750 1568 amne
775 1512 859 1578 celer,

133 1622 164 1664 aa
180 1606 243 1673 Qua
266 1605 349 1662 timet
371 1605 465 1662 insani
488 1606 601 1663 Boreae
625 1606 720 1663 vicina
742 1607 878 1678 procellis
964 1638 966 1643 -

222 1699 330 1756 Oceani
353 1700 425 1772 tingi
450 1700 602 1757 l'auehasis
625 1718 694 1757 ursa
718 1701 808 1758 vadis.

180 1793 312 1866 Vndique
336 1800 415 1852 terna
437 1796 511 1863 inuis
536 1813 740 1867 nemonnnque
763 1796 949 1853 honentilms
972 1795 1082 1853 umbris

220 1887 332 1946 Abdita
354 1894 384 1946 et
406 1890 527 1960 inriguis
551 1890 677 1962 undique
701 1890 781 1947 dives
806 1891 887 1963 aquis

178 1983 218 2040 Et
240 1983 321 2040 venis
345 1984 408 2040 auri
432 1984 511 2040 dives
536 1984 745 2056 clualybumque
768 1985 901 2053 metallis,

133 2095 163 2138 ao
222 2078 302 2147 Quae
327 2078 380 2135 diti
402 2079 432 2135 in
455 2080 564 2150 gremio
589 2085 668 2136 terra
691 2079 817 2151 benigna
839 2079 927 2135 im'et.

179 2172 202 2230 0
226 2189 354 2242 nemora,
379 2190 396 2230 o
419 2179 532 2230 montes
556 2179 642 2245 atque
666 2191 682 2231 o
705 2174 771 2231 loca
794 2175 911 2243 clamella
934 2172 1027 2229 Musis

221 2267 324 2325 Italiae
348 2268 424 2325 curis
448 2269 622 2340 consciaque
645 2275 730 2325 antra
753 2269 833 2335 meis,

180 2362 215 2419 In
236 2362 296 2418 vita
318 2362 400 2419 vobis
424 2363 494 2419 mihi
517 2363 556 2419 nil
579 2363 732 2419 iucundius
756 2379 876 2434 usquam
900 2368 958 2419 est:

222 2455 282 2514 Vos
304 2457 419 2527 ingrata
443 2457 548 2513 absens
572 2459 635 2515 sola
657 2457 787 2530 Lycinna
809 2457 888 2526 facit,

133 2568 163 2610 aa
180 2550 268 2619 Quae,
293 2550 361 2607 licet
384 2552 450 2609 hinc
473 2553 559 2624 longa
583 2553 671 2610 distet
695 2554 814 2624 regione
837 2552 948 2624 sieque,

222 2644 278 2701 Est
296 2646 392 2703 animo
415 2664 554 2717 praesens
578 2653 707 2704 attamen
730 2665 820 2719 usque
842 2664 916 2704 meo.

181 2738 205 2797 O
229 2740 370 2811 quotiens
397 2741 464 2798 (lum
487 2742 602 2799 sidereo
626 2743 675 2798 iiix
697 2741 763 2798 fusa
786 2742 822 2798 ab
846 2741 968 2813 Olympo

220 2833 338 2892 Decidit
362 2842 390 2892 et
413 2842 526 2893 munes
550 2853 675 2908 arvaque
700 2837 777 2893 culta
800 2832 901 2906 teuit‚'

181 2927 239 2986 ‘Sic
261 2929 382 3001 pectus‘,
408 2931 477 3000 dixi,
504 2931 626 2988 ‘niueum
649 2930 834 3001 t'onnosaqnc
858 2930 934 2986 vitae

134 3040 165 3081 eo
224 3023 283 3081 Ora
304 3025 397 3082 nitent
420 3030 539 3082 nostrae
562 3025 773 3096 nummoreique
796 3022 906 3095 pedes‘.

179 3117 205 3173 A
229 3119 362 3190 quotiens
385 3136 492 3177 aurora
514 3121 594 3177 nives
618 3120 685 3176 dum
708 3118 814 3175 lumine
838 3119 916 3176 claro

220 3211 359 3271 Inlustrat
384 3214 476 3271 roseis
500 3220 584 3271 vecta
606 3230 659 3285 per
681 3220 762 3270 astra
784 3213 872 3270 notis:

179 3304 312 3364 ‘Lumina
335 3309 375 3365 sic
399 3314 517 3366 nostrae
540 3308 659 3381 fulgent,
683 3325 748 3365 mea
770 3306 895 3377 flannna,
919 3307 1032 3379 puellae

220 3400 331 3474 Quique
354 3403 385 3459 in
407 3420 553 3475 pumuneo
578 3409 622 3460 cst
644 3404 783 3474 plurimus
807 3420 857 3460 ore
881 3400 979 3458 nitor?

131 3511 161 3554 45
177 3492 270 3566 Saepe
295 3497 473 3554 etiamdum
497 3497 634 3555 Phoebeo
658 3498 787 3555 resoluta
810 3497 907 3554 calore

219 3588 278 3646 nix
300 3588 365 3647 fluit.
387 3591 416 3648 in
439 3593 540 3649 latices
564 3592 689 3650 candida
712 3592 829 3663 abitque
851 3591 961 3662 nigros

175 3680 333 3755 Suspirans
356 3685 430 3742 dixi:
456 3686 555 3744 ‘Forte
579 3687 646 3743 olim
670 3686 763 3743 invisa
785 3689 919 3742 senectus
