2490 4080
218 191 258 249 64
346 203 375 249 v.
399 205 489 251 umas
512 203 673 255 coavmvs.
720 207 857 254 urcusuu
881 210 1064 257 nasuoruvs.

258 384 338 454 Quae
362 383 430 455 vigil
454 382 596 440 obscurae
620 400 719 441 servas
743 384 869 444 confinia
891 389 986 445 noctis

299 477 509 550 Luciferosque
533 494 619 535 vocas
642 480 762 549 praesia
785 479 860 537 Solis
884 498 984 554 equos,

228 575 338 645 aduae
361 572 474 645 spargis
498 572 614 644 tepidos
638 572 749 629 sitienti
772 591 839 632 rure
862 575 1000 648 liquores

300 668 382 726 Vnde
406 683 496 723 novas
519 666 595 722 vires
618 665 710 723 herba
733 666 845 726 refecta
868 671 955 742 capit.

256 767 301 824 Sit
323 764 376 821 tibi
399 760 573 834 praecipuus
597 766 680 817 vasto
703 761 773 819 licet
795 780 865 820 usus
888 765 918 820 in
941 765 1022 835 urbe,

299 858 461 929 Officioque
484 861 534 913 tuo
558 855 711 913 commoda
735 857 825 914 multa
847 857 936 928 feras,

256 953 395 1013 Omnibus
418 949 540 1007 inferior
562 955 660 1007 tamen
683 967 723 1019 eS,
748 968 818 1023 quas
842 969 949 1011 aureus
972 955 1078 1012 aether

213 1073 240 1115 10
297 1052 442 1107 Immensa
465 1045 537 1102 caeli
561 1045 685 1102 sustinet
708 1061 774 1103 arce
799 1046 878 1104 deas,

253 1145 339 1204 Nulla
361 1141 416 1199 tibi
439 1143 560 1211 surgunt
581 1156 703 1211 usquam
726 1140 856 1211 delubra,
881 1159 935 1200 nec
957 1144 1016 1200 aris

298 1235 466 1296 Procumbit
489 1239 573 1307 grata
595 1234 712 1292 victima
736 1252 823 1293 caesa
846 1253 940 1294 manu.

254 1337 294 1392 At
316 1333 384 1406 qnia
405 1346 511 1402 magna
533 1329 586 1385 tibi
610 1346 675 1386 cum
696 1328 811 1388 blandis
834 1333 930 1403 gratia
953 1331 1056 1402 Musis,

296 1428 447 1486 Musarum
471 1425 565 1481 cultor
586 1441 663 1481 nunc
685 1424 739 1482 tibi
763 1425 841 1483 dona
863 1425 965 1484 feram.

211 1543 237 1586 m
252 1524 314 1581 Has
337 1526 491 1594 postquam
514 1517 598 1576 nobis
621 1518 743 1576 humiles
768 1521 912 1579 ereximus
936 1522 1034 1591 aedes,

295 1617 376 1687 Quae
399 1618 533 1687 spectant
555 1613 650 1670 vultus
674 1613 737 1671 lucc
762 1616 874 1672 oriente
898 1620 973 1682 tuos,

216 1784 218 1789 y
252 1714 308 1770 Hic
332 1727 386 1783 ego
409 1724 627 1781 purpureasque
650 1725 733 1766 rosus
757 1715 785 1766 et
808 1710 869 1767 lilia
893 1727 966 1768 cana

294 1807 403 1878 Sparsa
425 1808 476 1860 tuo
500 1819 615 1874 semper
637 1820 757 1861 munera
780 1821 846 1862 rore
871 1805 962 1877 dab03

250 1902 305 1959 Hic
328 1917 373 1956 me
397 1897 446 1956 Sol
470 1897 566 1955 oriens
589 1898 636 1954 bic
660 1898 855 1971 occiduusque
877 1899 998 1970 videbit,

208 2016 238 2058 ⁴20
296 1996 377 2052 Haec
400 1998 517 2051 maneat
540 1992 645 2050 studiis
669 1993 735 2050 aula
759 1993 886 2065 superba
907 1995 989 2052 meis.

250 2091 331 2164 Ergo
354 2089 405 2147 ubi
427 2087 583 2160 pervigiles
606 2088 745 2159 producis
768 2105 852 2146 mane
875 2090 997 2162 iugales,

294 2185 393 2242 Insere
418 2183 470 2241 sub
494 2199 614 2255 parvam
637 2183 746 2240 lumina
768 2188 853 2256 grata
876 2183 1007 2242 domum!

249 2280 330 2337 Tune
352 2280 436 2351 vigor
458 2278 567 2350 ingenii
589 2277 691 2335 morbo
716 2277 838 2336 cedente
860 2279 979 2348 redibit,

292 2373 377 2443 Quod
399 2374 496 2445 rapuit
519 2372 610 2430 febris
634 2378 702 2430 tunc
725 2389 801 2430 nova
824 2389 894 2431 cura
917 2373 1007 2431 dabit.

205 2487 235 2529 aa
251 2468 323 2525 Orta
344 2467 408 2525 luce
431 2468 475 2524 tui
498 2484 613 2539 semper
633 2472 813 2525 renoventur
833 2467 969 2539 honores,

292 2561 332 2619 Vt
353 2579 476 2620 renovas
500 2563 593 2620 laetos
616 2567 656 2631 tu,
681 2562 736 2620 dea
759 2562 889 2634 pulchra,
914 2562 986 2620 dies.

590 2784 794 2792 ———

477 2956 660 3014 MICHAEL
683 2956 911 3016 HASLOBIVS.

400 3102 450 3161 De
473 3103 630 3161 adventu
652 3103 747 3160 veris
770 3103 813 3161 ad
836 3103 988 3162 sodales.

467 3230 583 3289 Cadunt
604 3231 686 3288 nives
710 3237 739 3288 et
761 3231 856 3289 imber

467 3325 598 3395 Recedit‚
624 3331 655 3383 at
678 3325 731 3382 sub
754 3325 854 3383 orbem

466 3420 553 3477 Redit
577 3437 696 3478 serenus
720 3426 779 3489 aer,

465 3515 617 3587 Teporquc
640 3515 746 3573 mulcet
770 3531 857 3587 agros

465 3610 590 3682 Rigantc
613 3609 694 3669 fonte
718 3612 820 3669 siccos.
