2490 4080
153 217 211 280 lit
516 233 558 279 1x.
585 234 760 282 aucarum.

231 408 286 479 Qui
308 409 391 467 vobis
415 409 520 468 reddet
543 427 667 483 corpora
690 416 789 469 vestra
812 412 884 480 dies,

189 503 321 578 Corpora
343 506 459 564 siderea
480 506 601 563 multum
623 506 771 564 radiantia
792 506 865 575 luce,

231 600 298 658 Sive
321 617 356 658 ea
378 617 453 657 nunc
475 599 590 672 xiphias
613 600 673 658 sive
696 617 732 659 ea
755 607 836 658 cetus
860 600 951 658 edan

190 695 231 752 At
253 700 293 765 tu,
318 694 460 753 Romuleo
484 695 589 753 devote
611 701 734 767 tyranne
757 695 849 766 Baali,

143 807 171 850 eo
228 789 289 847 Ibis
312 789 350 847 ad
372 788 510 859 infernae,
533 790 564 846 ni
586 790 745 861 resipiscis
768 807 868 863 aquea,

184 883 219 942 In
241 883 344 957 quibus
367 884 445 941 haud
467 884 539 942 muti
560 883 667 941 radent
688 890 739 942 tua
760 885 873 942 viscera
895 885 1001 956 pisces,

226 978 293 1048 Sed,
318 995 391 1051 quae
414 984 443 1037 te
465 978 579 1051 perdat,
603 976 720 1037 flamma
740 979 877 1051 perennis
901 979 965 1046 erit,

187 1071 402 1146 Carnificesque
425 1077 492 1131 tuos
516 1078 611 1132 tecum
635 1074 789 1146 caedisque
812 1074 971 1142 ministrae,

227 1167 282 1237 Qui
306 1169 449 1225 scelerare
473 1185 540 1226 suas
563 1185 622 1226 non
645 1169 767 1226 timuere
789 1185 899 1225 manus.

142 1281 170 1322 ee
184 1264 247 1322 Nec
269 1268 366 1321 tamen
389 1263 511 1333 interea,
535 1264 665 1336 quamvis
688 1262 812 1320 dicteria
834 1261 936 1334 fingas,

225 1358 307 1416 Haec
330 1374 434 1429 expers
457 1358 562 1415 maesti
583 1359 644 1415 vita
667 1357 776 1416 doloris
800 1357 865 1415 en't.

182 1452 303 1524 Semper
325 1453 401 1510 enim
422 1450 592 1525 facinusque
615 1457 696 1510 tuum
717 1450 893 1525 fraudesque
915 1449 1083 1520 manebmrt,

224 1548 264 1605 Et
286 1553 315 1604 te
337 1547 416 1605 fama
438 1564 519 1605 reum
541 1547 657 1620 publica
681 1547 778 1605 caedis
802 1552 882 1619 aget3

181 1642 222 1700 Te
245 1643 346 1714 genius
369 1642 461 1699 malus
485 1647 515 1699 et
537 1642 743 1700 Rhamnusidis
766 1643 811 1699 ira
833 1646 970 1713 sequetur

139 1755 166 1798 co
224 1736 362 1807 Horrida,
387 1742 416 1794 te
440 1737 504 1794 dira
527 1737 621 1794 noctis
644 1737 740 1809 imago
762 1740 884 1808 premet.

178 1831 325 1904 Quidquid
348 1847 427 1903 agea,
451 1847 629 1904 quocumque
653 1832 750 1901 abeas,
775 1848 856 1888 mens
879 1830 966 1888 anxia
990 1829 1068 1886 curis

222 1926 294 1983 Post
317 1930 404 1997 caput
425 1926 550 1983 ultorem
572 1926 680 1983 sentiet
702 1942 767 1984 esse
789 1926 892 1983 Deum.

179 2021 226 2078 Sic
248 2020 298 2078 ubi
320 2025 455 2078 vexatum
478 2020 578 2078 tulerit
599 2036 677 2078 mors
701 2026 775 2090 atra,
799 2019 943 2079 sedebunt

221 2114 268 2172 Ad
291 2120 342 2173 tua
365 2114 501 2173 custodes
523 2115 614 2187 impia
635 2114 723 2173 busta
745 2115 860 2187 striges,

135 2228 162 2270 ee
178 2210 279 2268 Foeda
302 2210 405 2282 quibus
428 2210 526 2268 sociae
548 2210 668 2282 iungent
691 2227 743 2267 sua
765 2214 845 2266 tecta
867 2208 1009 2277 volucres,

135 2355 141 2368 ,
220 2304 379 2376 Harpyiae,
404 2304 505 2373 cuculi,
529 2304 706 2376 nycterides,
731 2320 848 2376 epopes.

177 2399 323 2470 Perpetuo
346 2398 437 2456 stabit
458 2416 516 2456 nox
541 2398 714 2458 circumfusa
736 2397 875 2467 tenebris,

218 2493 259 2550 Et
281 2492 377 2564 gravis
401 2508 436 2550 ex
458 2494 508 2551 illa
531 2494 607 2552 nube
629 2493 740 2552 volabit
763 2493 846 2551 odor.

177 2586 268 2657 Quem
290 2587 392 2658 procul
414 2592 447 2643 ut
469 2589 561 2645 sensit
583 2603 751 2659 compressa
772 2604 843 2645 nare
866 2587 971 2656 viator,

132 2700 160 2743 ro
218 2681 355 2742 Protinus
379 2683 485 2739 avertit
507 2682 639 2740 tristibus
663 2699 716 2740 ora
737 2681 809 2739 locis

175 2777 216 2835 Et
238 2776 330 2835 dicet:
357 2776 475 2834 ‘Sordet
497 2778 591 2835 nostri
613 2778 661 2834 hic
683 2775 804 2834 infamia
826 2777 924 2847 saecli,

218 2871 349 2942 Carolus,
374 2877 404 2929 et
426 2870 494 2930 fidei
517 2871 653 2944 proditor
675 2876 704 2928 et
726 2870 861 2943 patriae'

357 3723 422 3760 Druck
435 3733 471 3759 von
485 3724 612 3760 Leonnato
624 3722 725 3766 simion,
738 3725 802 3759 Berlin
815 3723 855 3759 sW.
