2490 4080
405 257 867 304 1v.10nca1uvscnuauss1vs
997 261 1009 295 s
1082 246 1121 304 59

187 434 255 492 Non
277 435 336 491 sint
358 435 490 506 exemplo
515 435 590 492 tanti
612 433 784 492 mortalibus
808 450 904 502 ausus

231 528 271 586 Et
292 529 364 586 nulli
385 529 524 601 probrum
548 530 608 586 vita
631 529 730 601 quieta
751 528 841 586 ferat!

188 623 333 697 Tempora
355 629 554 696 praetereunt,
579 623 654 696 fugit
676 624 881 681 inrevocabilis
905 627 986 680 aetas

142 736 172 778 30
230 719 270 776 Vt
291 720 417 777 volucris
440 720 551 777 Partha
573 720 663 776 missa
685 719 794 791 sagitta
815 717 882 786 fide,

187 814 283 886 Tigris
306 820 339 871 nt
361 814 516 872 Armenios
541 831 628 871 cursu
649 812 813 886 perlabitur
835 829 931 885 agros,

229 908 268 965 Vt
291 909 391 981 tepida
413 907 558 966 imbriferi
581 909 705 966 solvitur
727 925 798 965 aura
820 907 901 965 Noti.

185 1004 246 1061 Nos
270 1008 367 1061 tamen
390 1009 420 1061 et
441 1004 518 1061 ludis
543 1003 738 1061 consumimus
760 1002 811 1059 illa
833 1002 987 1074 protervis,

228 1097 269 1154 Et
290 1099 417 1170 spatium
440 1098 518 1154 vitae
541 1114 600 1155 non
622 1098 712 1154 breve
735 1113 853 1154 somnus
875 1097 981 1167 habet;

126 1211 168 1252 -35
182 1192 336 1250 Perdimus
360 1198 389 1249 et
412 1192 494 1250 varia
518 1192 661 1250 distracta
684 1191 821 1263 cupidine
844 1209 950 1261 rerum,

228 1287 325 1345 Corda
349 1288 444 1345 solent
465 1292 568 1358 partae
592 1303 666 1359 quae
689 1286 819 1344 lacerare
842 1287 943 1358 magis.

185 1383 252 1439 Non
276 1399 339 1454 ego,
365 1383 412 1439 cui
434 1382 538 1439 minuit
560 1382 673 1452 patrios
696 1381 767 1438 levis
790 1381 855 1439 alea
877 1397 1018 1450 nummos,

228 1477 342 1546 Vivum,
366 1494 430 1534 cnm
454 1482 569 1548 tempus
594 1477 746 1544 steterat,
771 1492 835 1532 esse
858 1482 939 1547 puto.

183 1572 244 1628 Aut
266 1572 314 1644 qui
338 1589 402 1629 cum
426 1571 530 1629 crebro
554 1571 630 1643 riget
654 1570 738 1628 arida
759 1573 879 1641 guttura
901 1569 1028 1638 Baccho,

139 1684 169 1726 40
228 1665 372 1723 Cristatas
395 1648 541 1738 nunonem
565 1665 681 1722 sobrius
705 1665 788 1722 audit
810 1681 888 1722 aves.

183 1761 289 1818 Vivere
311 1761 452 1832 pecuniae
476 1761 602 1817 tumulos
626 1760 689 1832 quis
714 1760 814 1818 credat
838 1776 941 1818 avaros

226 1855 288 1912 Nec
312 1856 410 1928 potius
435 1872 499 1912 cum
522 1871 554 1911 re
578 1869 609 1912 se
633 1855 772 1926 sepelisse
795 1852 867 1912 sua‘?

181 1950 332 2007 Mercator
353 1949 431 2007 freta
452 1950 538 2022 longa
563 1954 647 2007 secat
669 1949 803 2020 periurus
828 1954 857 2006 et
880 1950 968 2007 audet

223 2045 324 2102 Vltrici
349 2045 440 2102 vitam
463 2045 586 2102 eredere
611 2045 716 2102 stultus
740 2061 841 2117 aquae.

136 2159 165 2200 45
181 2139 256 2209 Quid
280 2136 351 2196 vos?
382 2139 452 2209 Quis
475 2139 583 2197 famam
606 2138 683 2196 bello
708 2155 883 2210 censumque
906 2140 1013 2195 secutis

221 2235 276 2292 Est
298 2234 440 2291 Lachesis
467 2251 589 2306 magnus
615 2250 750 2304 rumpere
773 2233 823 2291 fila
844 2230 947 2290 labor?

178 2329 270 2398 Felix,
295 2345 380 2401 quem
403 2346 456 2387 sua
478 2347 547 2386 rura
573 2333 683 2396 tenent,
710 2329 756 2384 eui
781 2328 902 2399 praebet
926 2328 1069 2400 inemptas

219 2423 315 2481 Patris
338 2441 411 2496 opus
434 2425 480 2481 vel
503 2424 549 2480 avi
572 2421 677 2494 fagina
706 2440 806 2480 mensa
829 2423 928 2495 dapes,

176 2517 230 2574 Cui
252 2518 409 2591 tranquilla
432 2519 513 2591 quies
537 2522 658 2575 content
668 2533 742 2588 aque
765 2518 863 2576 vivere
886 2534 975 2589 parco

132 2632 161 2673 oo
219 2611 351 2684 Exiguae
375 2619 473 2670 servat
494 2613 589 2671 libera
619 2616 698 2668 tecta
725 2628 820 2670 casae.

175 2708 216 2765 Et
237 2725 313 2766 nunc
336 2708 383 2766 ille
408 2707 491 2766 bovis
516 2724 607 2781 grave
638 2707 711 2766 eollo
734 2707 827 2764 nectit
850 2713 979 2764 aratrum

218 2804 355 2876 laetaque
380 2821 455 2861 nuno
478 2803 609 2861 domitae
641 2802 752 2860 semina
774 2801 893 2861 mandat
917 2803 1013 2861 humo.

180 2899 241 2955 Aut
261 2898 329 2970 palo
352 2896 411 2955 fixo
435 2898 591 2970 religatam
614 2897 734 2969 palmite
757 2897 844 2953 vitem

217 2992 284 3049 Non
306 2992 376 3049 sinit
399 2992 507 3050 effosso
538 2992 734 3063 procubuisse
757 2991 834 3062 solo;

133 3095 163 3145 55
178 3085 250 3143 Mox
272 3086 322 3143 nbi
344 3088 486 3159 pallentes
511 3087 641 3143 autumni
664 3102 792 3158 vergere
818 3085 895 3142 soles

223 3181 305 3239 Vidit
329 3186 359 3238 et
380 3181 527 3238 hibernos
550 3196 610 3236 non
631 3180 736 3251 procul
757 3180 800 3236 ire
825 3179 896 3248 dies,

174 3275 298 3332 Instruit
320 3275 459 3333 adversus
490 3274 624 3346 glacialis
649 3273 761 3346 frigora
782 3274 902 3331 brumae

126 3416 130 3422 .
216 3370 304 3428 Parte
327 3369 424 3428 iocum
447 3371 562 3429 mediae
586 3370 730 3442 lignaque
750 3373 835 3427 secta
858 3369 969 3438 (lomus,

172 3464 264 3534 Quem
288 3466 397 3522 circum
419 3466 540 3538 natique
571 3465 683 3536 sedent,
708 3469 739 3522 et
762 3463 865 3522 sedula
889 3464 1015 3521 coniunx

129 3576 159 3619 oo
214 3559 343 3632 Torquet
366 3559 402 3616 ab
426 3558 555 3618 informi
578 3559 646 3616 licia
668 3564 766 3616 tracta
790 3559 863 3616 colo.

172 3653 223 3711 Ille
246 3652 337 3712 refert
360 3659 492 3712 veterum
513 3671 610 3712 mores
634 3657 665 3714 et'
687 3654 768 3711 dicta
790 3657 946 3724 parentum
