2490 4080
154 240 196 286 vt.
225 240 318 285 sladen
340 238 485 285 annulus
531 239 725 284 VALENTINVS
748 240 949 285 SGHREOKIVS.
1000 229 1038 287 7¹⁴*

62 436 96 478 10
155 416 327 474 Debuerant
351 416 436 487 peplo
460 416 613 486 splendida
636 416 765 473 membra
788 417 856 488 tegi.

114 512 191 581 Quid
213 510 296 579 facis,
321 510 441 567 infelix?
466 510 621 567 hlinitatun
642 511 755 582 proelia
776 510 879 580 lomna,

158 606 224 663 Non
248 610 291 662 est
318 621 468 661 successus
491 606 549 661 ista
571 605 709 662 habitura
731 605 838 663 bonos!

115 701 209 770 Quam
231 701 307 757 niele
330 698 477 757 fortunam
500 700 599 756 miseni
623 700 737 756 vidistis
761 706 901 771 amantes

160 795 314 852 Debueras
338 795 387 850 isti
411 811 468 851 non
491 794 636 865 placuisse
659 795 731 851 viro.

70 908 101 949 15
116 890 225 947 Forma
248 894 333 946 nocet
357 889 464 956 multis,
489 888 599 945 somnae
623 905 749 945 nocuere
774 890 886 959 puellis,

160 983 276 1041 Scilicet
301 989 329 1039 et
354 983 427 1039 casti
451 983 556 1039 (lamna
578 982 699 1053 pudoris
722 983 839 1039 habent.

295 1416 545 1475 VALENTlNl'S
569 1416 825 1475 SCHREOKIVS.

75 1578 125 1633 De
148 1574 287 1646 nuptiis
311 1572 382 1629 filii
398 1572 463 1628 Dei
480 1571 644 1642 mysticis
661 1577 695 1628 et
711 1572 751 1629 de
767 1578 868 1631 veste
884 1575 1046 1646 nuptiali.

335 1691 459 1748 Matth.
484 1691 580 1747 XXII.
627 1692 791 1762 Hymnus.

324 1831 435 1888 ‘detesto
458 1846 533 1885 nunc
556 1829 593 1886 ad
616 1830 712 1901 regias

321 1925 464 1982 tlaelestis
487 1924 554 1995 agni
578 1925 694 1994 nuptias

323 2020 356 2077 In
380 2036 456 2087 arce,
481 2035 552 2091 quas
575 2019 634 2089 poli
658 2036 709 2075 suo

323 2115 402 2171 Deus
426 2113 541 2184 paravit
563 2111 634 2168 filio.

388 2208 449 2264 Iam
472 2224 529 2262 vox
552 2206 751 2262 ministrorum
775 2214 874 2263 sonat:

323 2303 369 2360 En
393 2302 489 2359 omnia
512 2306 655 2371 apparata
678 2306 758 2371 sunt3

325 2397 439 2463 lenite,
468 2393 645 2466 nuptialibus

323 2492 435 2548 Adeste
458 2490 528 2546 laeti
551 2489 680 2557 gaudiis!

389 2585 447 2642 Sed
470 2585 526 2641 heu
550 2582 644 2640 nefas!
679 2583 751 2640 Pars
774 2585 901 2642 mannua

326 2681 483 2737 Hominum
506 2679 603 2735 venire
626 2678 753 2750 neglegit

324 2776 436 2846 Deiquo
459 2773 576 2830 nuntios
600 2773 682 2844 gravi

323 2869 439 2927 Scelere
462 2869 632 2925 innocentes
656 2871 768 2923 enecat.

388 2964 485 3019 Iratus
510 2978 578 3033 crgo
603 2977 664 3029 rex,
689 2960 733 3016 sui

326 3058 530 3128 Contemptum
553 3060 653 3112 atmce
676 3054 805 3112 vindieat

325 3152 473 3224 Supplicio
498 3152 525 3206 in
549 3148 692 3218 hostibus,
716 3149 796 3206 Deus

325 3248 464 3319 illiosque
486 3246 516 3301 in
540 3243 610 3301 orbe
636 3249 787 3301 coin'ocat.

389 3341 447 3398 Sed
469 3341 546 3396 inter
568 3338 710 3410 hospites,
734 3336 792 3395 fide

326 3435 432 3493 Cassos
455 3434 623 3506 hypocritas
648 3432 729 3489 iubet

325 3530 450 3587 Extendi
474 3529 512 3586 ad
534 3526 734 3598 implacabiles

324 3624 402 3681 Ditis
426 3623 564 3680 tenebras
589 3622 710 3678 horridi.
