2490 4080
345 258 386 303 vl.
414 258 582 305 loucfflrrvs
604 258 794 305 MYNSINGER.

241 433 326 490 Hune
350 435 427 492 diem
451 436 527 493 eires
553 436 700 493 celebrant
724 437 849 507 superui,

239 528 323 585 Hunc
347 530 424 587 diurn
446 531 531 588 laetis
556 531 697 589 decorant
721 531 843 599 choreis,

240 622 325 680 Hune
348 624 425 681 dieur
449 626 558 683 sanetis
582 631 757 683 venerantur
779 625 892 697 hyruuis

342 719 380 775 Et
404 720 458 777 tibi
482 721 632 791 plaudunt.

239 871 367 929 Auream
391 874 500 930 duruut
524 874 666 931 elementa
689 890 799 945 pacem,

240 966 307 1023 Non
329 969 391 1024 uoti
416 968 583 1025 incumbunt
606 968 710 1040 pelage
733 967 872 1035 furentes,

239 1059 334 1119 Fusca
358 1063 409 1119 sed
434 1064 525 1120 scisso
549 1063 660 1120 Boreas
683 1063 798 1134 repellit

342 1157 448 1214 Nubila
472 1158 563 1215 caelu.

239 1307 334 1379 Quid?
359 1311 436 1382 qued
460 1311 616 1367 humanum
639 1328 730 1382 genus
754 1328 838 1368 oruue
861 1316 958 1381 grates

238 1403 361 1462 Debitus
385 1406 470 1462 solvit
494 1406 547 1462 tibi
570 1412 666 1463 urente
691 1412 771 1462 resta

242 1498 280 1555 Et
304 1504 385 1555 tuuur
408 1500 498 1557 multo
524 1499 594 1556 colit
616 1506 759 1571 apparatu

341 1594 380 1650 Et
404 1612 489 1665 prere
514 1612 626 1651 uurueu.

238 1747 404 1805 Froudibus
428 1749 517 1820 cingit
541 1750 691 1822 roseisque
715 1750 802 1806 sertis

239 1843 323 1900 Nune
346 1860 446 1900 sacrus
470 1860 537 1900 eras
560 1845 713 1917 variosque
739 1844 844 1900 ederus

239 1936 305 1993 Vrit
328 1942 357 1995 et
380 1939 501 2009 supplex
525 1938 639 1995 veniam
662 1944 800 2010 precatur

258 2060 261 2065 ’
344 2032 392 2090 Au
415 2038 465 2089 tua
489 2050 583 2090 saera.

239 2185 337 2243 Rebus
361 2187 494 2243 humenis
519 2204 572 2257 age
595 2187 653 2243 iarn
675 2187 817 2243 mulorum

238 2281 317 2338 Mole
341 2282 453 2338 vexatis
478 2282 624 2352 nimieque
648 2281 715 2337 belli

239 2374 366 2433 Turbine
389 2375 502 2443 fractis,
527 2380 612 2446 pater
635 2392 651 2432 0
675 2374 809 2446 benigue,

340 2470 426 2526 Adde
450 2469 605 2527 medelam!

241 2621 334 2694 Saepe
357 2624 498 2680 iactatam
522 2623 640 2679 tumidis
664 2623 800 2693 procellis

239 2716 280 2773 Et
301 2718 376 2774 male
400 2716 549 2774 adflictum
573 2718 683 2774 medias
706 2733 760 2787 per
782 2717 874 2773 uurlas

240 2809 326 2886 (Nam
349 2812 455 2888 potus),
480 2812 555 2868 rasti
580 2832 596 2868 0
620 2811 790 2868 moderatur
812 2810 901 2877 urbis,

340 2906 442 2976 Dirige
467 2906 613 2977 ryurbeur!

240 3059 385 3118 Praebeas
409 3078 495 3118 aures
520 3060 655 3132 precibus
678 3058 820 3130 benignas

244 3155 304 3211 Nos
329 3156 364 3212 ab
389 3163 509 3213 ueteruu
534 3154 717 3225 redimasque
741 3160 834 3210 mortu

239 3247 318 3307 Luce
343 3249 487 3308 defunctis
513 3266 647 3305 reserans
672 3248 785 3320 Olympi

342 3345 455 3403 Liuriuu
480 3343 563 3402 celsi!

1019 248 1057 305 73
