2490 4080
442 236 483 281 lx.
510 235 652 279 Evulclvs
675 235 802 282 CORDVS.

457 428 640 486 EVRICIVS
664 429 825 487 CORDVS.

563 566 708 638 Ecloga.

397 669 537 742 Sylvius
566 674 600 726 et
628 669 873 742 Polyphemus.
917 722 919 726 .

573 805 696 877 Sylvius

192 913 266 982 Huc,
291 910 478 984 Polypheme,
503 911 582 967 veni:
606 910 675 982 quid
697 912 728 967 in
749 911 807 968 isto
831 912 892 969 sole
915 914 1032 984 vagaris

189 1007 229 1064 Et
252 1014 303 1064 tua
325 1007 499 1078 nequiquam
523 1006 585 1062 solo
608 1005 683 1077 tegis
707 1022 759 1062 ora
781 1004 901 1077 galero?

188 1101 309 1158 Mollior
329 1101 377 1157 hio
402 1099 515 1171 requies
540 1104 569 1156 et
593 1116 685 1171 opaea
708 1099 760 1157 suh
783 1100 849 1158 ilice
872 1101 957 1158 tellus

187 1197 228 1252 Et·
250 1196 387 1253 tremulas
412 1195 489 1251 inter
511 1193 679 1266 gratissima
700 1211 848 1253 murmura
870 1195 1001 1267 frondeS,

159 1291 243 1349 nHic
268 1291 365 1359 etiam,
390 1290 414 1346 si
438 1289 480 1345 vis
504 1286 570 1365 (fuit
594 1289 666 1346 haec
689 1293 739 1347 tua
763 1306 850 1362 saepe
872 1289 990 1370 libido),

188 1385 250 1443 Iam
272 1390 357 1457 potes
380 1385 493 1441 alterno
517 1400 628 1440 urceum
652 1384 829 1442 contendere
853 1402 947 1443 versu.

185 1481 252 1537 Non
275 1481 366 1551 magis
391 1479 539 1535 exsultans
563 1478 648 1535 tolles
671 1496 736 1536 mea
758 1479 882 1552 pignora
905 1481 1012 1554 viotor;

185 1575 241 1632 Est
263 1591 339 1632 nova
362 1572 528 1644 disparibus
551 1572 668 1630 tandem
692 1573 762 1630 mihi
784 1572 883 1632 fist-ula
906 1575 1016 1634 cannis.

185 1669 275 1738 Quem
300 1669 409 1725 tuleras
432 1678 525 1739 nuper
549 1684 650 1740 cogam
673 1672 702 1724 te
725 1667 850 1726 reddere
873 1687 1002 1742 caprum,

143 1783 170 1824 m
186 1763 271 1820 Hune
294 1770 325 1819 tu
348 1779 432 1834 pone,
458 1762 530 1818 duos
554 1761 664 1819 hoedos
688 1768 842 1834 ego'pono
866 1765 1001 1822 vicissim.

528 1889 732 1962 Polyphemus

184 1994 232 2051 Nil
255 1993 342 2051 modo
368 1993 403 2051 de
427 1993 479 2050 tali
503 1993 583 2051 dieas
607 1994 775 2063 certamine,
801 1993 888 2067 Sylvi,

183 2089 250 2147 Non
272 2088 349 2146 idem
373 2093 418 2145 est
441 2088 553 2146 animus
577 2105 699 2159 semper,
724 2106 781 2146 non
805 2107 862 2147 una
885 2092 1028 2165 voluntate,

184 2184 314 2241 Maxima
338 2200 507 2241 succensam
530 2182 607 2254 rapit
630 2183 792 2255 indignatio
815 2189 950 2256 mentem,

182 2278 243 2335 Nec
267 2278 392 2347 memini,
418 2277 495 2350 quod
518 2294 598 2334 eram
621 2293 676 2348 qua
698 2294 774 2335 nuno
797 2296 851 2350 ego
876 2281 1007 2340 concitus
1030 2283 1087 2343 ira.

140 2392 167 2433 15
183 2372 238 2429 Est
260 2373 383 2445 propior
406 2377 492 2430 contu
515 2370 610 2440 fietne,
634 2388 693 2428 non
716 2372 801 2431 unice
823 2378 906 2446 gutta

183 2467 346 2538 Sanguinis,
371 2467 492 2524 incisum
517 2467 541 2522 si
565 2466 627 2539 quis
650 2482 696 2523 me
718 2474 870 2539 pungeret,
894 2469 960 2526 iret.

564 2594 687 2666 Sylvius.

181 2696 322 2766 Mirabar,
348 2696 423 2769 qnid
441 2713 509 2754 oves
532 2702 614 2755 tanta
637 2699 694 2756 iam
717 2715 788 2757 voce
811 2699 928 2772 fugares

180 2791 292 2864 Totque
315 2792 479 2877 precareris
503 2793 609 2850 multae
635 2794 770 2866 contagia
792 2795 893 2866 pestis.

178 2885 217 2943 Di
240 2886 341 2944 melius
366 2887 434 2956 dixi,
460 2903 533 2958 quae
556 2891 585 2944 te
608 2888 726 2945 vesania
749 2887 863 2946 vexat?-

134 3000 164 3042 ao
181 2980 239 3038 Sed
261 2998 316 3039 nec
339 2982 435 3040 adhuc
458 2998 509 3038 our
532 2981 573 3038 sic
596 2981 732 3039 irasceris
756 2983 844 3041 audio
869 3002 995 3044 causam.

519 3109 723 3182 Polyphemus.

178 3212 208 3269 Si
231 3219 315 3284 potes
339 3217 520 3284 exspectare,
545 3229 634 3286 vagas
658 3214 726 3272 dum
749 3221 864 3276 vertero
887 3217 974 3289 fetas,
1007 3267 1009 3271 .

177 3308 324 3380 Accipies,
348 3307 437 3364 hehet
458 3307 515 3364 iste
538 3308 620 3380 gregi
643 3309 719 3367 mala
741 3313 874 3383 gramine
897 3330 1027 3386 campus.

560 3434 683 3508 Sylvius

175 3536 241 3595 Hoc
264 3555 345 3596 meus
368 3543 400 3595 ut
422 3537 512 3597 faciet
534 3556 588 3610 pro
612 3557 657 3598 me
681 3544 833 3602 consuevit
855 3545 1010 3619 Hylactor,

177 3630 232 3700 Qui
256 3632 398 3690 simulac
422 3639 583 3718 monstrate
606 3651 695 3706 pecus
719 3637 849 3697 velocior
870 3640 952 3698 Euro
