2490 4080
205 221 246 277 30
509 236 527 279 1.
551 237 661 281 ruerus
684 238 868 283 serum'rvs.

214 414 324 480 aenae
349 415 436 472 semel
460 420 490 471 ut
513 414 632 486 placuit,
657 416 724 486 iuga
747 416 799 473 sub
824 417 994 474 saevissima
1018 416 1129 486 mittor,

285 508 408 568 Pectore
433 527 483 566 eur
505 509 544 565 mi
568 508 648 577 abiit,
673 509 720 565 lux
745 510 836 567 oculis
860 512 981 582 rapitur.

243 605 322 678 Erga
346 606 442 673 miser,
467 605 589 672 viru-tus,
613 622 716 661 reears
740 614 770 661 et
792 605 906 662 luminis
931 623 1044 678 expers,

284 700 346 769 Qua
369 698 477 770 fugiam
502 703 551 755 aut
575 698 697 756 abeam?
733 699 807 769 Quid
832 701 943 771 sapiam
966 706 1014 758 aut
1039 699 1178 759 videam?

660 847 713 903 lll.

243 964 379 1032 Agrrusea
404 975 434 1015 e,
455 957 560 1026 fatear,
584 959 680 1030 gravis
705 965 749 1015 est
772 977 834 1016 mea
860 960 952 1031 eulpa,
980 960 1084 1032 reliqui

282 1056 322 1112 Te
344 1055 425 1126 prior
448 1072 464 1109 u
489 1053 572 1110 (larris
597 1053 662 1110 diva
687 1053 812 1125 ¹<uperba
836 1054 907 1111 tuis!

240 1151 298 1208 Sed
321 1156 418 1206 taurea
442 1167 458 1203 u
482 1149 597 1219 paulum
620 1148 747 1204 lacrimis
772 1149 795 1203 si
819 1147 947 1206 fleeteris
970 1149 1045 1218 ullis,

279 1246 322 1302 Ne
346 1262 363 1301 a
385 1260 502 1316 peream
527 1243 652 1311 armum),
677 1260 702 1310 a,
734 1261 768 1300 ue
793 1261 809 1300 a
833 1261 878 1300 me
902 1244 989 1301 abeas
1013 1246 1150 1316 penitus!

208 1341 361 1412 uliespiee
385 1356 430 1395 me
453 1339 578 1409 pamum,
604 1355 620 1394 0
644 1355 753 1409 prmuas
777 1337 853 1394 (laba
878 1338 1030 1410 quaslibet,
1056 1356 1145 1397 error

282 1434 399 1507 Impulit
421 1433 474 1489 hus
499 1432 597 1488 ueuius
622 1449 674 1488 ura
698 1433 793 1489 alieua
816 1434 906 1505 sequi.

237 1532 321 1588 Nune.
344 1529 433 1601 igitur
456 1528 623 1584 coniuratus
646 1527 721 1583 male
745 1527 869 1598 perdere
891 1527 1010 1598 fratres,

277 1626 367 1682 Oura·-
391 1624 429 1679 sit
452 1622 575 1689 arbitrii,
601 1622 676 1687 «lira,
701 1623 753 1689 tui,
779 1622 896 1694 Saphie.

237 1726 314 1791 Quas
338 1719 413 1775 male
437 1717 565 1774 aeternis
588 1717 627 1772 mi
650 1717 776 1788 religare
799 1717 937 1785 tenebris,

194 1836 221 1877 10
276 1816 367 1884 Quam
391 1817 536 1869 mmueuie
561 1812 644 1867 lmrae
669 1811 787 1867 destitui
813 1829 863 1868 are
887 1818 946 1868 tue.

233 1909 389 1981 Numquid
402 1925 474 1979 epus
490 1906 529 1962 mi
545 1906 644 1974 oeulis,
663 1907 686 1962 si
699 1924 757 1963 mm
769 1912 806 1974 ie,
822 1907 995 1975 oculissimu,
1013 1909 1161 1967 ceruam?

277 2008 300 2062 0
325 2004 417 2061 aeiem
439 2002 536 2072 patius
560 2001 672 2057 torrida
696 2001 792 2057 ‹lemat
817 2001 901 2058 aeus!

651 2147 699 2203 li'.

338 2262 503 2329 'suriurillu
528 2278 633 2317 serrare
657 2260 800 2316 malieella

336 2357 371 2413 Iu
394 2357 456 2414 dies
480 2362 530 2413 tua
552 2354 613 2412 fata
637 2355 684 2427 qui
707 2355 843 2426 geruebas

337 2451 525 2522 Rusiellaque
550 2450 670 2506 decente
694 2450 908 2507 murmurillaus

336 2546 361 2602 E
386 2562 472 2601 mauu
495 2544 618 2616 Seplries
642 2544 745 2615 dapem
768 2545 898 2615 petebaS,

338 2639 488 2709 Quondam
513 2639 579 2695 dum
604 2639 737 2695 damiuae
761 2640 832 2695 milri
854 2639 978 2708 faveam,

334 2734 511 2792 Obliviscere
536 2751 611 2790 uuue
635 2735 677 2790 tui
701 2734 810 2791 ‹luleris

335 2829 375 2886 Et
397 2830 489 2886 uestri
513 2846 624 2884 merum·
646 2846 736 2899 usque
761 2847 834 2886 uuuc
858 2830 989 2901 querelas

333 2924 462 2981 Maiores
486 2924 572 2979 salita
597 2923 639 2978 eie
664 2940 698 2978 ae
720 2923 888 2995 frequenter

340 3019 401 3076 Iure
424 3024 543 3090 periore
567 3034 687 3087 promus
710 3017 866 3089 ingemisce

333 3113 448 3171 Mecum
472 3129 529 3168 uua
552 3129 624 3168 mea.
661 3111 729 3168 vita
750 3111 811 3168 fers
836 3114 945 3170 doloris

334 3207 550 3265 Recordabitur
572 3207 647 3275 hinc,
673 3208 728 3263 urei
752 3209 880 3265 miserta.

336 3303 411 3360 Fors
435 3301 560 3373 suspiria
584 3302 651 3372 quid
675 3307 725 3358 ma
747 3303 953 3374 impetrabunt,

331 3397 406 3454 Fors
430 3396 570 3468 quaedam
594 3396 660 3452 hine
684 3398 798 3468 requies
822 3417 886 3456 meu
910 3399 1014 3458 labori.

570 3608 774 3615 ——
