2490 4080
406 160 447 205 rx.
475 160 834 211 1111111111111111.
1047 159 1106 218 113

134 355 163 396 so
179 336 287 393 Rerum
310 342 339 394 et
362 338 520 409 scriptores
542 339 678 412 legesque
703 346 732 397 et
754 341 819 398 iura
841 347 956 400 vetusta

178 431 218 487 Et
241 431 379 503 quidquid
401 436 500 504 patres
524 433 591 490 olim
615 435 760 507 scripsere
785 435 899 492 colendi

179 525 221 600 (Si
244 532 384 598 superant
405 526 473 584 libri
495 527 604 604 modo),
629 546 702 601 quos
726 529 850 587 ecclesia
874 528 983 586 Christi

178 621 212 677 In
234 621 325 679 sacris
347 620 451 679 babuit
473 621 575 680 doctos
599 624 746 696 hucusque
771 625 898 682 colonos.

177 715 258 785 Sunt,
282 716 331 788 qui
354 715 509 774 Graiorum
531 734 644 790 quoque
668 735 755 776 nosse
779 718 923 777 elementa
944 718 1080 777 laborent

135 828 162 869 so
177 811 221 868 Ac
243 810 419 867 Iudaeorum
442 811 592 869 stridentis
616 812 702 870 sibila
727 812 852 884 linguae,

177 903 262 974 Quod
284 921 368 963 sacra
390 905 524 962 nimirum
548 906 606 963 sint
627 906 725 964 Biblia
748 908 858 980 scripta
881 908 993 966 duabus

178 1000 267 1072 Inque
291 999 385 1056 crucis
408 1001 493 1058 titulo
516 1001 628 1073 pariter
651 1003 690 1059 sit
710 1002 787 1060 lecta
810 1002 924 1060 Latina.

176 1093 311 1152 Infinitae
335 1111 442 1166 operae
464 1096 511 1153 via
533 1097 746 1169 multorumque
770 1097 896 1154 dierum!

175 1189 266 1246 Immo
290 1205 344 1246 nec
365 1206 479 1247 menses
503 1190 613 1262 aliquot
635 1209 689 1249 nec
712 1190 821 1248 sufficit
844 1208 944 1248 annus.

135 1302 162 1343 oo
177 1283 233 1341 Vix
256 1283 314 1340 tria
334 1283 428 1340 lustra
451 1284 539 1340 citum
562 1301 697 1356 supremo
721 1285 751 1341 in
773 1286 882 1342 vertice
906 1285 1021 1342 sistunt.

176 1377 251 1447 qaid
274 1384 404 1450 sumptus
427 1395 586 1436 memorem
608 1379 771 1436 studiorum
794 1379 919 1451 quidque
941 1379 1083 1438 librorum

176 1473 349 1530 Immensum
371 1470 518 1545 pretium?
542 1472 622 1542 Sunt,
648 1474 698 1546 qui
719 1474 897 1545 patrimonia
920 1479 984 1532 tota

177 1567 296 1625 Talibus
318 1567 497 1639 impendant,
521 1572 554 1625 ut
575 1568 695 1625 tandem
718 1574 805 1626 vexet
828 1573 943 1640 egestas

178 1663 382 1734 Coganturque
406 1667 518 1734 emptos
542 1679 635 1734 nuper
657 1663 814 1720 divendere
837 1663 937 1721 libros.

134 1775 162 1817 sa
177 1757 241 1814 Hae
263 1761 292 1814 te
315 1773 374 1813 non
397 1756 500 1815 ducam
523 1774 585 1828 nec,
610 1762 749 1830 quantum
770 1758 918 1831 intellego,
942 1759 1010 1816 duci

176 1852 243 1923 lpse
267 1851 362 1924 cupis;
387 1857 520 1924 superest
541 1852 634 1910 levior
655 1854 839 1926 protritaque
862 1853 970 1911 multis.

175 1946 333 2018 Egregium
355 1947 516 2005 inventum!
540 1946 617 2017 Quid
640 1948 716 2005 enim
738 1952 784 2004 tot
806 1947 888 2004 adire
910 1946 1027 2005 labores

176 2041 377 2114 Temporaque
401 2046 429 2098 et
453 2046 583 2112 sumptus
606 2047 705 2099 tantos
729 2041 845 2098 trivisse
872 2057 1001 2109 necesse,

177 2134 248 2192 Cum
271 2136 329 2193 cito
353 2135 399 2192 vel
420 2151 523 2207 segnes
545 2134 619 2193 haec
640 2151 695 2206 per
717 2135 889 2204 compendia
911 2136 1026 2206 possint

133 2249 160 2290 ro
175 2230 216 2287 Et
238 2236 354 2301 sumptu
376 2245 465 2300 parvo
489 2228 528 2286 ad
550 2246 690 2286 summum
715 2229 842 2286 evasisse
865 2226 1022 2286 cacumen?

175 2323 311 2396 Largiter
334 2328 469 2382 errarunt
490 2323 532 2380 1111
554 2323 717 2395 multosque
741 2323 771 2380 in
793 2322 916 2381 cundem

176 2418 281 2476 Secum
303 2423 457 2476 traxerunt
480 2435 619 2486 errorem,
644 2434 690 2474 me
713 2434 827 2490 quoque
851 2418 979 2475 stultum.

176 2513 263 2570 Haud
285 2513 407 2571 meliora
430 2513 536 2571 etenim
558 2518 692 2584 poteram
715 2512 832 2570 novisse
854 2511 975 2584 puellus,

177 2608 256 2678 Quae
281 2608 421 2665 curtisani
442 2608 567 2680 primum
585 2608 725 2675 ,invenere
750 2623 879 2680 sagaces,

133 2721 161 2762 vs
177 2702 293 2775 Pulpita
316 2703 364 2774 qui
387 2702 530 2759 scandunt
553 2702 670 2760 deserto
694 2719 787 2774 nuper
809 2701 908 2774 equili3

175 2797 259 2855 Nune
281 2797 484 2868 anabaptistae
506 2801 651 2853 renovant
673 2795 813 2867 multique
837 2800 1004 2865 sequuntur.

175 2892 328 2964 Exponam
350 2891 496 2959 brevibus,
520 2890 645 2947 memori
666 2894 698 2946 tu
722 2888 811 2946 corde
834 2892 943 2945 teneto.

175 2986 216 3043 Te
238 3003 307 3044 reor
329 3002 347 3043 1
368 3002 459 3058 puero
482 2990 631 3042 maternae
655 2983 799 3041 idiomata
821 2982 936 3053 linguae

176 3080 372 3143 Perdidicisse
396 3079 477 3149 satis,
501 3078 684 3151 superhaec
708 3082 739 3134 et
761 3077 890 3134 seribere
913 3076 1036 3134 eandem

131 3194 160 3234 so
175 3175 215 3232 Et
238 3175 343 3248 legere,
368 3173 447 3232 haud
470 3173 545 3231 adeo
567 3172 665 3243 magni
688 3171 761 3229 haec
785 3171 923 3229 didicisse
945 3170 1054 3242 negoti.
1103 3237 1105 3241 .

174 3270 259 3327 Hane
280 3270 407 3342 linguam
430 3283 534 3326 exerce
557 3271 727 3340 tantumque
750 3266 805 3324 hac
827 3272 891 3323 esto
915 3265 1055 3322 disertus:

174 3364 273 3422 Verba
294 3368 374 3421 rotes
397 3362 521 3436 quadam
544 3361 632 3419 veluti
656 3352 791 3419 contorta
812 3360 950 3432 procella.

172 3459 240 3516 Non
261 3462 291 3514 te
315 3457 473 3515 sollicitent
494 3456 569 3514 11111
592 3472 646 3513 nec
670 3456 741 3512 trita
764 3453 879 3523 Latina,

175 3552 243 3609 Non
266 3551 372 3608 etenim
394 3550 493 3623 populi
515 3550 670 3622 peregrina
693 3564 763 3606 voce
787 3547 920 3617 docendi,

173 3666 213 3698 Lat.
227 3663 410 3698 Litteruturdenkm.
427 3663 444 3696 7.
938 3662 955 3715 8
