2490 4080
254 213 281 260 V.
303 212 411 258 lvsrvs
433 212 593 258 VVLTEIVS.
638 211 729 256 utras
752 210 919 257 deaurata,
1031 199 1069 257 63

185 389 382 447 Praeteritum
405 389 482 446 ratio
506 389 584 446 nulla
607 387 717 446 referre
740 394 851 460 potest3

140 488 180 542 nt
203 484 291 542 dubia
314 484 367 541 sub
390 488 477 542 nocte
499 484 573 541 latet
593 484 791 556 premiturque
815 482 952 552 futurum,

183 579 258 637 Fors
281 579 312 636 id
335 596 386 650 spe
408 578 511 636 melius
534 578 700 635 deteriusve
723 577 818 635 cadat.

141 674 235 732 Laeta
258 680 393 731 serenata
415 672 490 730 facie
514 673 671 745 capiamus
696 673 790 741 unrici,

100 790 127 831 10
185 768 295 828 Pocula
318 785 383 826 cum
406 766 521 825 Cereris
545 767 614 824 dote
636 768 749 840 levique
772 767 848 824 ioc0.

143 866 209 923 Non
232 881 316 921 secus
340 880 374 921 ac
396 863 476 920 venti
498 863 561 920 leve
584 878 636 919 ver
658 878 802 934 aurasque
825 862 956 920 salubres

187 960 357 1016 Restituunt
379 956 512 1016 timidam
534 961 617 1028 peste
640 960 759 1027 petente
781 955 889 1028 fugam,

145 1052 323 1126 Corporibus
346 1051 422 1108 vires
445 1052 569 1109 redeunt
591 1050 737 1123 roburque
760 1057 910 1123 receptum

189 1149 278 1205 Plena
300 1145 467 1203 reconlecto
490 1145 620 1203 membra
643 1146 742 1218 vigore
764 1151 863 1217 novat,

101 1263 128 1304 15
146 1242 297 1311 Convenit,
320 1246 353 1297 ut
375 1246 486 1298 mentes
508 1240 611 1297 itidem
633 1257 766 1298 maerore
789 1241 899 1298 solutas

188 1337 372 1393 Exhaustum
395 1340 509 1392 recreet
531 1340 618 1393 nocte
642 1335 745 1407 dieque
768 1353 887 1393 merum.
924 1394 926 1398 Α

145 1432 204 1490 Sed
226 1430 329 1489 modus
353 1434 383 1486 et
404 1430 497 1486 virtus
521 1429 654 1487 convivia
675 1435 777 1488 nostra
799 1430 950 1502 gubernet,

187 1526 315 1584 Excluso
338 1529 462 1596 pereunt
485 1524 581 1581 omnia
603 1525 681 1582 laeta
703 1525 799 1582 modo.

144 1622 219 1678 Nam
242 1619 306 1692 quis
328 1618 365 1676 ab
388 1619 506 1676 immani
530 1619 634 1690 cyatho
658 1619 818 1691 grandique
841 1620 924 1678 diota

80 1701 130 1777 ‘eo
188 1714 335 1772 Laetitiae
359 1730 460 1770 sensus
482 1719 607 1784 pectora
626 1711 706 1770 fessa
729 1711 805 1771 ciet?

145 1810 184 1867 Vt
206 1809 304 1866 Venus
328 1807 457 1865 oblectat
479 1807 631 1865 moderato
655 1809 767 1879 gratior
788 1826 851 1877 usu,

139 1928 142 1933 ·
189 1904 237 1962 Sic
260 1903 356 1960 tenuis
379 1902 438 1959 vini
460 1919 505 1959 mc
529 1918 642 1975 quoque
665 1908 748 1974 gutta
771 1904 855 1975 riget.

147 1999 222 2069 Quid
245 1998 315 2055 mihi
338 2014 402 2054 cunr
425 1996 512 2054 turba
533 1997 639 2054 levium
661 2013 749 2068 grave
773 1997 868 2055 olente
892 1997 1051 2056 bibonum?
1075 2037 1076 2040 ,

190 2093 305 2150 Gaudia
326 2092 391 2164 plus
414 2092 499 2163 longe
521 2091 675 2148 moderata
697 2092 805 2150 iuvant.

103 2206 132 2248 25
148 2188 195 2245 Sic
218 2187 288 2243 nihi
313 2187 464 2258 contingat
485 2191 586 2243 noctes
610 2186 724 2243 sociare
747 2185 850 2243 diebus
948 2228 950 2232 μ

189 2280 332 2338 Noctibus
356 2281 510 2352 etsslongos
535 2281 706 2338 continuare
730 2281 801 2338 dies

148 2376 235 2433 Adsit
257 2376 303 2432 vel
326 2375 418 2432 dulcis
441 2375 487 2432 vel
508 2392 567 2432 non
589 2375 715 2432 insulsus
739 2375 857 2444 amicus,

190 2470 345 2543 Tempora
359 2470 520 2541 conloquiis
542 2468 625 2527 fallat
649 2475 679 2527 et
701 2469 748 2529 ille
772 2470 841 2539 suis,

148 2566 209 2621 Aut
231 2569 328 2621 astent
349 2565 433 2635 pueri
455 2565 584 2622 variatas
608 2570 726 2637 gutture
750 2581 836 2622 voces

105 2679 134 2721 ao
193 2656 351 2731 Fingentes
374 2659 491 2716 modulo
516 2676 645 2717 consona
667 2659 757 2717 verba
779 2677 840 2730 suo,

148 2757 210 2811 Aut
232 2753 335 2825 aliquis
358 2759 475 2810 moveat
497 2753 616 2811 dubiurn
639 2754 716 2826 quod
740 2755 853 2811 solvere
875 2753 986 2813 trustra

183 2848 340 2905 ¹Convivae
365 2852 478 2905 certent
500 2848 654 2919 elicietque
676 2847 767 2905 iocos,

428 3231 544 3289 ELIAS
569 3230 773 3290 CORVINVS.

468 3387 520 3444 Ad
545 3387 728 3444 Auroranr.

151 3523 315 3581 Memnonis
339 3540 356 3580 o
380 3539 484 3581 croceo
507 3524 641 3595 genetrix
665 3523 735 3581 ades
759 3541 847 3582 aurea
871 3541 967 3594 curru,

195 3618 259 3674 Huc
283 3617 352 3674 ades
376 3617 414 3674 ad
436 3624 544 3688 votum,
569 3618 648 3676 lutea
671 3618 748 3689 diva,
770 3619 883 3676 nieunrl
