2490 4080
396 236 415 279 Ι,
438 233 573 279 manuus
595 233 752 279 Posrfflvs

132 409 236 467 Omnia
259 415 320 467 tum
343 411 420 468 dulci
443 411 514 469 mihi
537 416 672 482 tempora
694 410 778 468 melle
800 409 938 479 fluebant,

175 505 259 562 Nune
281 504 348 562 felle
372 512 400 563 ot
423 506 551 563 lacrimis
577 522 691 577 noxque
715 505 833 579 diesque
856 507 983 563 madent.

104 600 175 658 sAt.
197 599 312 671 quando
335 600 509 658 incolumem
533 618 577 657 mo
601 599 664 657 fata
686 599 812 672 benigna
835 601 983 669 reducent,

176 694 214 750 Vt
236 700 366 767 repetam
390 695 549 767 amplexus,
574 711 643 751 cara
665 695 769 765 puella,
795 700 869 763 tuos,

130 788 194 845 Lux
216 789 287 846 mihi
311 789 401 847 dulcis
425 789 482 846 erit
505 789 655 861 noct-isque
678 789 794 846 beatior
815 788 926 858 umbra,

110 961 115 969 ·
179 883 401 956 Thesaurosque
418 883 548 940 Arabum
567 900 717 955 ‚regnaque
741 883 908 955 despiciam.

433 1089 483 1145 De
507 1105 625 1146 amore
649 1107 719 1145 suo.

135 1199 267 1272 Iuppiter
289 1200 437 1258 horrendo
462 1202 639 1258 contristans
662 1200 771 1272 frigore
796 1201 905 1258 caelum

177 1294 338 1355 Sarmatico
362 1296 458 1367 largas
481 1295 577 1353 fundit
599 1295 635 1353 ab
659 1313 713 1353 axo
737 1297 826 1363 nives,

134 1387 243 1446 Nostra
265 1395 363 1447 tamen
385 1390 496 1461 rapidis
519 1395 642 1446 uruntur
664 1395 785 1460 pectora
807 1388 939 1458 fiammis,

176 1482 238 1540 Neo
260 1485 390 1541 minuunt
414 1485 496 1555 ignes
519 1483 630 1555 frigora
653 1488 735 1540 tanta
758 1501 851 1553 meos3

105 1575 208 1646 oQuin
231 1579 322 1650 magis
346 1579 509 1636 accendunt
533 1579 621 1635 etiam
645 1576 720 1653 (quis
744 1578 863 1635 credero
887 1579 979 1649 possit
988 1579 1015 1653 Β),

176 1672 216 1730 ut
238 1673 335 1745 gelida
357 1672 485 1752 flagrans
509 1674 544 1730 de
568 1674 633 1730 nive
657 1673 763 1730 crescit
785 1690 877 1729 amor.

134 1765 217 1824 Nunc
241 1769 347 1825 etenim
371 1769 468 1825 reoolo
492 1785 613 1836 meeum,
638 1772 671 1824 ut·
693 1784 758 1824 mea
781 1784 868 1839 saepe
892 1768 987 1838 puella

176 1861 221 1918 De
245 1863 309 1919 nive
333 1863 492 1934 compactis
516 1863 618 1919 luserit
642 1867 709 1919 anto
732 1862 808 1933 pilis.

133 1955 200 2025 Nix,
224 1956 329 2026 fateor,
353 1959 462 2028 primos
487 1958 556 2013 mihi
581 1957 744 2032 coireiliarit
768 1973 896 2013 amores:

92 2068 119 2110 ro
177 2050 253 2108 Hinc
276 2052 377 2109 eadem
400 2050 531 2109 flammas
556 2056 641 2121 audet
665 2051 772 2122 alitque
796 2067 884 2108 meas.

430 2250 482 2306 Ad
506 2248 723 2305 Blandinam.

133 2361 287 2432 Experior,
312 2366 425 2417 veteres
450 2361 617 2417 cecinerunt
639 2359 713 2416 falsa
735 2363 855 2430 poetae:

177 2455 323 2512 Absentes
346 2457 430 2525 inter,
455 2455 503 2511 lux
526 2472 599 2523 mea,
624 2455 709 2512 durat
733 2470 823 2511 amor.

133 2549 226 2607 Verus
249 2567 331 2608 amor
355 2551 439 2608 durat
463 2556 558 2607 terras
582 2550 767 2622 sequiturque
790 2565 843 2620 per
866 2566 974 2617 omnes,

176 2644 239 2703 Neo
261 2646 342 2703 locus
365 2646 441 2701 huno
464 2645 538 2702 ullus
561 2662 615 2702 neo
637 2643 720 2716 fugat
741 2644 800 2700 nlla
824 2643 895 2700 dios.

105 2739 277 2811 sTempore
301 2740 425 2797 detinuit
448 2757 492 2797 me
517 2740 597 2797 dives
620 2739 740 2795 Etruria
762 2739 858 2807 longo,

178 2834 313 2892 Germani
337 2835 450 2890 interca
473 2839 505 2890 tu
529 2834 600 2891 colis
624 2850 693 2889 arva
717 2832 779 2889 soli.

91 2956 96 3006 ;
134 2929 173 2986 Ei
195 2929 274 2998 milri,
298 2946 351 2986 nos
375 2929 452 2985 iuter
474 2934 545 3001 quot
566 2926 687 2984 fiumina
710 2932 802 2994 vasta,
828 2932 897 2997 quot
921 2927 1019 2996 urbes,

177 3024 255 3094 Quot
277 3024 366 3080 silvae
390 3027 420 3079 et
442 3028 564 3090 montes,
589 3039 675 3093 quam
697 3021 745 3077 via
767 3020 853 3092 longa
876 3019 966 3103 iacet!

134 3118 184 3176 Me
207 3127 304 3176 tamen
327 3135 396 3175 acer
418 3134 501 3175 amor
523 3134 576 3188 por
599 3120 644 3173 tot-
666 3115 730 3173 loca
754 3114 827 3172 dura
850 3120 966 3172 secutus

92 3230 120 3273 10
177 3213 243 3269 vm
266 3219 294 3270 et
317 3213 515 3269 immemorem
539 3228 596 3267 non
619 3210 689 3267 sinit
711 3226 775 3266 osse
799 3210 851 3278 tui,

135 3307 210 3377 Quin
233 3307 322 3365 etiam
344 3305 516 3383 (credasque
540 3303 638 3381 velim)
661 3322 717 3377 quo
740 3305 854 3377 longius
878 3304 989 3389 absum,

178 3401 244 3459 Hoc
266 3402 358 3474 magis
382 3401 509 3458 ardescit
532 3398 650 3457 flamma
673 3400 822 3471 magisque
845 3398 923 3454 i'urit.

134 3495 172 3552 Di
195 3495 306 3553 faciant
329 3497 436 3553 similes
462 3501 549 3552 urant
572 3500 623 3551 tua
646 3499 768 3564 pectora
790 3491 934 3561 flammae,

178 3590 216 3648 Vt
238 3591 292 3648 tibi
316 3591 353 3647 sit
376 3608 492 3662 semper
513 3593 613 3646 mutua
637 3605 707 3644 cura
729 3588 795 3645 mci.
