2490 4080
149 209 209 266 100
454 218 495 261 ir.
519 216 666 276 nvmcrvs
689 215 815 279 ooanvs,

187 395 287 453 Turba
309 395 424 468 quidem
448 399 478 451 ct
500 393 584 450 tincti
608 393 705 449 divino
729 392 885 452 chrismate
907 399 1018 466 patrea,

145 491 264 560 saQuos
289 490 366 547 omni
390 488 496 546 obnixe
519 487 658 545 debemus
682 487 794 545 bonore
816 490 912 546 vereri

187 586 227 643 Et
249 584 352 658 quibus
377 583 560 654 omnipotens
583 582 669 639 iussit
690 598 795 661 parere
817 583 961 641 voluntas.

527 719 732 792 Polyphemus,

186 827 257 897 Quis
280 832 377 883 tamen
400 824 540 895 insipiens
563 823 638 880 adeo
662 823 733 881 deus
757 823 847 896 eligat
868 822 963 882 istos?
988 858 1030 867 -

185 922 244 979 Sed
266 926 360 987 taceo,
385 918 462 976 volui
484 933 639 989 perversos
663 918 761 975 dicere
784 935 920 992 nequam,

186 1016 226 1073 Et
249 1014 318 1088 quid
341 1014 366 1070 si
390 1010 504 1070 dicam?
540 1012 657 1083 Stygias
679 1029 747 1070 num
771 1014 873 1072 trudan
894 1014 926 1071 in
947 1014 1066 1074 undas?

567 1149 688 1224 Sylvius

143 1277 171 1317 iao
187 1257 300 1314 Insanis
325 1255 510 1327 Polypheme,
535 1260 609 1321 tace,
633 1255 678 1311 vel
701 1254 819 1325 parcius
841 1255 891 1312 illa

184 1353 260 1410 Fare
283 1368 337 1408 nce
359 1351 389 1407 in
411 1351 504 1407 iustos
528 1349 604 1406 mola
627 1348 675 1406 dic
698 1349 830 1407 convicia
852 1350 935 1407 divos

184 1446 225 1503 Et
247 1446 324 1519 quod
347 1461 506 1518 paucorum
530 1443 622 1500 scelus
646 1449 700 1514 est,
724 1460 782 1500 non
805 1444 888 1502 obice
912 1445 1041 1503 cuncus!

525 1580 729 1652 Polyphemus.

183 1688 247 1744 Vna
269 1702 368 1744 omnes
392 1701 510 1755 semper
529 1688 672 1741 vexantur
693 1682 775 1742 febre
799 1684 937 1756 capellae.

565 1811 687 1883 Sylvius,

181 1917 249 1973 Non
271 1917 365 1973 miuus
389 1932 406 1972 a
429 1932 540 1971 summo
564 1931 704 1973 concessa
727 1920 846 1973 tonante
869 1921 1002 1989 potestas

136 2031 165 2072 os
179 2011 219 2068 vt
240 2010 313 2068 libet
335 2009 503 2068 aethereum
525 2025 658 2067 reserare
683 2015 712 2067 et
734 2010 869 2068 claudere
891 2012 988 2070 limen.

517 2140 720 2213 Polyphemus.

175 2246 320 2303 Nonnisi
343 2245 466 2302 furtivos
490 2243 617 2302 habeant
639 2259 692 2314 pro
716 2243 844 2300 clavibus
868 2261 958 2302 uirens

179 2340 392 2399 Stertentemve
415 2343 522 2411 queant
544 2338 658 2411 postico
681 2336 783 2395 fallere
806 2338 933 2395 Petrum.

559 2466 682 2539 Sylvius.

180 2573 254 2628 Sunt
277 2572 393 2639 etenim,
417 2572 503 2639 nosti,
529 2571 576 2643 qui
599 2576 701 2628 nost-ra
723 2571 838 2641 piacula
861 2572 975 2629 solvunt

178 2667 220 2723 Et
242 2666 299 2738 qui,
323 2665 401 2737 quod
423 2666 515 2737 magis
538 2671 592 2732 est,
616 2656 755 2722 invictum
779 2670 809 2722 et
832 2672 936 2724 cuneta
957 2670 1111 2739 potentem

133 2781 162 2822 vo
178 2761 310 2832 Quinque
334 2759 419 2816 deum
441 2759 536 2816 verbis
562 2760 592 2834 (o
617 2761 641 2816 si
664 2761 727 2831 quis
750 2761 821 2818 talia
843 2761 948 2836 noritl)

174 2857 210 2914 In
232 2871 317 2913 saera
339 2853 375 2912 ab
399 2855 521 2912 excelsis
546 2852 642 2912 delabi
665 2854 770 2912 altaria
793 2860 908 2927 cogunt.
1006 2885 1009 2891 ·

177 2949 326 3010 Candidus
349 2949 509 3022 angelicam
531 2949 615 3020 panis
638 2953 767 3006 mutatur
788 2950 818 3006 in
842 2966 948 3031 eseam,

174 3046 259 3117 Quod
282 3045 406 3118 mixtum
426 3043 482 3101 fuit
504 3049 571 3100 ante
594 3060 705 3101 merum
728 3043 891 3102 dicentibus
914 3045 971 3104 illis
1035 3093 1037 3097 .
1114 3093 1120 3100 .

176 3142 226 3198 Fit
249 3157 344 3208 cruor,
369 3156 384 3196 e
407 3137 466 3195 fixo
490 3138 538 3210 qui
562 3136 671 3200 Christi
693 3144 813 3210 pectore
835 3137 928 3196 fluxit.

132 3255 160 3295 vo
176 3237 258 3294 Haec
281 3234 380 3305 utique
403 3233 433 3289 in
455 3237 585 3289 nostram
608 3237 787 3305 peraguntur
809 3250 894 3291 saera
916 3234 1048 3306 salutem,

175 3331 215 3386 vt
236 3330 286 3401 pia
309 3327 468 3399 respiciant
489 3326 644 3384 humanam
666 3327 784 3385 numina
807 3333 925 3400 sortem,

176 3425 222 3482 Ne
245 3429 348 3481 tenera
372 3421 507 3480 occidant
529 3421 651 3493 gelidae
665 3423 763 3495 yineta
785 3424 916 3494 pruinae,

173 3519 218 3575 Ne
240 3519 356 3591 pulsata
378 3517 459 3590 gravi
483 3516 604 3585 denudet
627 3517 768 3589 grandine
787 3519 922 3584 messis..
957 3581 959 3586 7
1055 3537 1058 3544 ·

172 3613 217 3671 Ne
240 3613 324 3685 lupus
347 3613 487 3682 incurrat,
511 3612 588 3677 mala,
610 3629 646 3671 ne
669 3628 758 3693 pecus
780 3613 880 3681 ulcera
904 3619 1027 3685 tentent,
1058 3675 1072 3696 ,7
