2490 4080
147 217 185 274 96
457 227 500 272 lx.
529 226 669 271 EOBANVS
692 227 819 272 HESSVS.

184 405 277 475 Impia
299 409 435 462 conatum
458 404 594 475 sprevisti
616 403 736 461 fortiter
758 405 888 463 hostem:

144 521 170 559 11
228 498 417 570 Spernentem
441 498 527 555 lonas
552 498 600 569 qui
624 503 796 570 sequoretur
820 506 894 557 erat.

188 593 279 662 Quam
301 593 375 650 bone
400 593 559 648 eommunis
581 591 678 648 fructu
703 610 761 650 non
785 611 867 651 casse
890 596 1004 666 pericli,

230 688 288 744 Par
309 693 360 743 tua
383 687 487 744 victori
510 687 603 758 gioria
625 704 719 758 paene
745 689 833 754 venit,

187 784 261 839 Nam
284 783 332 854 qui
355 783 480 838 vincenti
504 781 644 852 pnvpiora
666 783 776 852 pericla
799 782 915 852 subivit,

229 877 366 933 Proxima
390 877 493 932 victori
517 877 648 946 praemia
671 874 748 933 ferre
772 878 856 933 solet.

146 973 226 1032 11111.
248 971 344 1028 fuerat
367 971 456 1026 subiti
479 971 674 1042 pulcherrirna
698 988 786 1028 eausa
809 971 928 1041 laboris,

228 1067 294 1123 Non
317 1073 378 1122 orat
403 1065 478 1122 1111110
502 1065 601 1122 orbern
625 1066 741 1122 vineere
764 1066 857 1123 maius
882 1085 964 1138 opus.

186 1161 240 1217 Die.
263 1177 316 1231 age
339 1177 392 1231 per
415 1160 525 1229 Musas,
551 1176 621 1230 quas
645 1160 693 1216 ille
718 1166 840 1217 coronat
863 1162 979 1232 Apollo,

227 1257 318 1324 Quom
341 1255 455 1325 peperit
478 1254 556 1311 1111110
582 1254 674 1311 Pieris
699 1272 752 1311 usa
775 1255 845 1323 viro,

184 1351 247 1418 Die,
273 1348 375 1421 quibus
399 1349 513 1419 accepti
536 1348 656 1405 venistis
680 1349 840 1407 honoribus
864 1349 965 1407 urbem

142 1466 170 1504 ee
228 1444 420 1515 Vangionum,
445 1460 518 1513 quae
542 1460 617 1499 nune
640 1444 756 1500 moenia
781 1443 891 1501 Caesar
913 1444 1012 1514 habet,

185 1538 425 1609 Quandoquidem
449 1537 549 1593 reduci
573 1535 700 1594 feliciter
723 1538 854 1594 evenisse

228 1633 379 1689 Credimus
403 1637 432 1688 et
454 1631 570 1688 faoilern
593 1649 644 1689 vos
669 1631 807 1688 habuisse
832 1631 938 1689 deum?

186 1727 306 1784 hemula
329 1726 398 1798 quid
422 1726 512 1783 voluit-
534 1727 626 1796 pestis
649 1726 786 1782 rroeuisse
808 1725 949 1795 Luthero,

225 1822 290 1878 ileu
312 1820 414 1890 pudor,
444 1821 474 1876 in
497 1820 593 1876 11101110
609 1820 748 1877 Teutonis
773 1836 825 1876 ora
848 1818 911 1877 tui?

139 1918 287 1982 1111101111,
313 1914 450 1972 Germani
472 1932 619 1985 proceres,
643 1914 804 1972 fortissima
830 1932 923 1986 nuper

227 2012 359 2079 Pectora,
384 2027 451 2066 num
473 2008 539 2065 fieri
561 2027 612 2066 vos
635 2027 725 2080 pones
749 2011 806 2066 ista
831 2007 941 2080 pudet?

183 2105 325 2173 Semiviri,
349 2103 773 2172 110110101101011111101110,
799 2104 913 2161 cinaedi

226 2200 341 2257 hudent
365 2200 394 2254 in
418 2203 515 2255 vestro
540 2199 637 2255 dicere
661 2198 726 2255 iura
749 2198 831 2255 solo?

183 2296 322 2366 dumique
345 2294 436 2363 inagis
460 2294 558 2361 miror,
583 2291 667 2348 vobis
689 2293 892 2362 praescribere
914 2293 994 2365 leges

139 2412 167 2451 11
225 2390 386 2446 Darnnosas
411 2387 505 2443 sinitis
528 2387 597 2443 vilia
620 2384 785 2457 mancipia?

180 2484 295 2540 Scilicet
320 2481 473 2538 obscurum
498 2487 551 2550 est,
575 2486 704 2538 vestram
727 2498 785 2537 non
809 2482 880 2538 velle
907 2481 1040 2551 salutem,

222 2577 268 2633 Ex
290 2576 373 2632 vobis
398 2593 498 2632 aurum
522 2581 640 2646 praeter
663 2592 762 2632 amare
785 2573 877 2631 nihil?

181 2673 247 2730 Non
269 2676 365 2728 tamen
388 2671 433 2726 his
457 2671 581 2741 primum
609 2675 653 2727 est
676 2688 723 2727 res
747 2671 819 2727 haee
846 2671 957 2742 agitata
980 2670 1112 2742 querelis,

223 2766 304 2822 Mille
327 2765 421 2822 modis
445 2772 511 2822 acta
534 2770 579 2821 est
601 2764 709 2833 fabula,
734 2765 811 2821 111110
835 2764 916 2821 loeis.

136 2882 164 2922 aa
180 2861 287 2918 Verum
310 2877 363 2932 age
387 2878 439 2931 per
462 2875 582 2930 superos
606 2860 723 2929 iterum,
749 2860 897 2916 carissime
921 2859 1003 2928 Iona,

222 2957 273 3012 1110
298 2973 334 3012 an
357 2956 452 3012 adhue
476 2954 571 3010 surdis
595 2953 714 3010 auribus
739 2953 812 3010 ordo
838 2950 957 3010 manet?

180 3051 255 3120 Quid
278 3055 363 3122 paret
385 3050 432 3106 iile
457 3049 531 3106 adeo
554 3048 639 3103 iustis
663 3047 810 3105 Huttenus
834 3048 863 3103 in
886 3048 985 3117 0111110,

221 3145 296 3213 Quid
319 3143 397 3200 bona
419 3143 608 3199 Francisounr
632 3141 718 3199 turba
741 3147 843 3199 secuta
867 3138 989 3199 ducem?

179 3239 286 3308 Faiior,
312 3255 349 3294 an
372 3238 482 3307 aspioio
505 3236 624 3306 pedicas
648 3237 819 3294 Aleandron
842 3232 1017 3293 habentem?

137 3354 165 3394 10
224 3332 264 3390 Το
289 3348 393 3402 oupere
417 3331 446 3386 in
468 3331 569 3386 vinclis
592 3346 688 3400 posse,
713 3330 850 3399 Martine,
875 3330 958 3387 mori.

179 3426 324 3498 Quidquid
347 3426 378 3482 id
401 3430 454 3494 est,
480 3425 535 3481 nisi
558 3440 639 3480 niens
656 3424 779 3481 Hutteni
802 3425 934 3482 animosa
956 3423 1068 3493 10101111,

221 3521 340 3578 Ominor
362 3519 530 3589 infaustum,
554 3519 671 3589 perdita
695 3519 797 3587 Roma,
823 3519 886 3575 tibi.
1050 3503 1053 3509 ’

177 3615 298 3673 Perdita
320 3613 451 3685 pontifici
474 3620 629 3685 postquam
653 3613 722 3669 data
746 3630 830 3669 serva
853 3617 987 3683 tyranne,
