2490 4080
418 224 448 270 V.
476 224 615 271 monast
638 227 818 274 HASLOBIVS.

389 401 429 457 Et
452 401 541 458 arbor
563 402 622 460 alta
645 401 765 462 frondes

389 495 530 565 Resumit,
555 502 585 553 et
607 497 739 555 volueres

388 590 532 647 Videntur
554 608 617 647 esse
640 592 734 649 laetae

389 683 448 742 Sub
471 685 595 742 hortulis
620 691 650 742 et
671 687 758 756 arvis,

391 779 544 850 Rosaeque
568 796 655 837 suave
678 780 777 838 rident

388 873 592 946 Amabilesque
615 872 713 931 flores

388 967 515 1024 Vireseit
537 968 639 1025 hortus
662 968 761 1027 herbis

389 1063 549 1135 ltepletque
572 1069 700 1120 maestus
723 1081 811 1136 agros

390 1157 530 1214 Gemente
554 1174 623 1215 voce
647 1163 753 1215 turtur.

392 1251 477 1324 Capit
499 1258 613 1309 resecta
635 1253 703 1308 vitis

388 1347 502 1405 Novum
523 1345 596 1403 foris
619 1348 757 1417 vigorem,

388 1441 429 1497 Et
451 1440 565 1497 Odorae
588 1438 728 1498 fluentum

389 1535 536 1604 Agellulos
559 1535 683 1592 inundat

387 1631 514 1687 Nataute
537 1630 618 1701 pisce
641 1629 731 1686 multo

389 1724 442 1782 Vel
464 1725 521 1781 huo
544 1725 625 1796 aquis
649 1724 696 1781 vel
718 1724 795 1794 illue,

387 1819 428 1876 Et
450 1818 662 1876 ambulationes

390 1914 512 1970 Iuventa
533 1913 612 1970 laeta
632 1913 740 1984 poscit.

386 2007 474 2065 Domi
496 2024 613 2065 manere
638 2024 728 2080 cogor

387 2102 571 2159 Necessitate
594 2103 697 2171 vietus

388 2196 447 2253 Sed
469 2197 529 2254 alta
551 2213 631 2253 mens
654 2203 777 2266 vagatur

387 2291 444 2348 Por
466 2291 607 2358 hortulos,
632 2307 685 2362 per
707 2307 794 2362 agros

323 2430 326 2437 .
386 2385 551 2456 Nereusque
573 2383 677 2442 froude
702 2384 832 2442 densum.

388 2480 499 2537 Adeste
521 2497 606 2548 nuno,
631 2480 726 2549 amisi,

386 2575 427 2631 Et
448 2575 550 2632 intimo
573 2580 723 2646 receptum

387 2668 497 2726 Levate
521 2669 608 2726 eorde
631 2669 741 2725 luctum

385 2763 464 2835 Lyra
485 2763 619 2836 bonoque
643 2763 710 2820 vino

385 2857 592 2930 Libellulisque
614 2857 706 2927 puris

387 2951 480 3021 Quod,
504 2952 581 3008 unici
605 2950 731 3019 sodales

386 3046 521 3104 Ocellulis
545 3046 658 3114 videtis¹

391 3141 425 3197 Id
448 3140 641 3212 adsequamur
663 3140 757 3210 ipsum

386 3235 531 3308 Sequente
554 3241 649 3292 mente
673 3233 770 3291 siivas.

168 3721 208 3754 aas
219 3721 397 3756 tinuaturdenum.
417 3720 432 3754 i'.
