2490 4080
430 228 468 272 v1.
496 228 652 273 narrans
674 228 815 273 anseius.
1067 218 1103 276 81

416 446 620 503 orATTfflns
643 447 823 505 BERGIVS.

484 583 592 640 Navis
617 582 762 640 Christi.

241 702 265 759 Ο
289 703 379 771 narie,
405 703 553 759 dominum
576 720 648 775 quae
672 704 753 760 uehis
777 710 807 760 et
829 721 945 761 manum

237 797 303 853 Non
327 814 469 868 magnam,
496 797 613 854 domino
637 815 710 869 quae
735 815 787 855 sua
809 799 975 870 posthabet,

283 891 366 947 Felix
389 896 476 963 atque
498 891 601 948 beata!

329 986 413 1042 Felix
436 1003 452 1041 o
476 992 522 1042 ter
545 991 574 1042 et
597 987 735 1058 amplius!

146 1159 159 1199 5
240 1139 322 1196 Felix
346 1156 419 1211 quae
442 1139 522 1196 vehis
546 1140 630 1209 huno,
656 1141 705 1212 qui
728 1141 804 1213 regit
827 1142 939 1198 onmia!

240 1233 323 1291 Felix
347 1251 419 1306 quae
444 1235 532 1303 vehis,
559 1251 629 1307 quos
652 1234 732 1292 Deus
756 1235 794 1292 ad
816 1235 895 1292 bona

285 1329 378 1400 Regni
402 1329 548 1400 conligere
572 1330 649 1386 omni

329 1423 354 1479 E
378 1423 464 1480 turba
487 1423 577 1480 voluit
600 1424 657 1480 sui!

241 1578 280 1634 At
305 1573 392 1648 quid?
438 1576 513 1645 Quid
537 1581 633 1634 tamen
657 1577 730 1634 liaeo
753 1581 836 1633 vasta
859 1577 940 1633 vehit
963 1579 1030 1636 novi

133 1691 160 1730 ro
240 1668 431 1742 Tempestas?
477 1671 552 1740 Quid
576 1672 637 1744 agit
659 1677 758 1728 tantus
783 1689 874 1743 aquae
897 1670 999 1730 furor?

286 1765 361 1834 Quid
384 1770 497 1822 tantum
520 1773 618 1823 aestus
642 1782 748 1823 arenae

331 1860 392 1917 Imo
416 1876 452 1916 ex
475 1877 601 1932 aequore
625 1858 767 1918 suscitat?

240 2013 302 2070 Iam
325 2014 416 2070 malus
441 2014 528 2071 celeri
550 2012 695 2086 frangitur
718 2013 829 2084 Africo,

240 2109 457 2179 Antemnaeque
480 2113 598 2180 gemunt
620 2110 807 2180 imperiosius

133 2221 160 2262 15
279 2203 406 2274 Aequor,
430 2203 489 2258 iam
511 2203 587 2259 latus
610 2203 689 2260 unda

330 2296 489 2368 Vtrumque
514 2303 671 2368 exsuperat
692 2314 789 2353 ruens.

240 2449 355 2507 Victrix
379 2451 472 2507 saevit
494 2450 595 2517 hiems,
621 2455 650 2506 et
673 2451 785 2508 tonitru
808 2452 891 2522 polus

240 2545 395 2601 Terrorem
416 2545 583 2616 ingeminat.
631 2544 701 2614 Quis
724 2550 808 2616 putet
832 2547 906 2616 eripi

287 2638 429 2708 (quassam
452 2656 538 2711 posse
560 2639 670 2711 perielo
694 2640 738 2697 iu-

134 2752 163 2794 ro
332 2735 436 2790 stantis
460 2733 605 2806 naufragii
626 2732 741 2792 ratem?

241 2887 325 2944 Felix
347 2892 379 2944 tu
402 2893 508 2956 tamen,
532 2887 608 2944 hune
631 2905 704 2959 quae
729 2888 820 2956 vehis,
845 2888 874 2943 in
896 2905 983 2944 manu

243 2981 330 3038 Cuius
354 2999 501 3038 murmura
524 2986 592 3038 sunt
614 2986 643 3038 et
666 2983 755 3038 maris
779 2987 808 3039 et
831 2982 898 3052 poli,

287 3076 349 3145 Quo
373 3076 529 3133 mandante
553 3076 703 3148 aquilones

331 3170 448 3228 Ponant
468 3169 587 3227 flamina
609 3168 717 3241 frigidi.

132 3343 161 3384 aa
241 3324 384 3381 Nimirum
406 3324 461 3381 hos
484 3324 623 3396 strepitus
647 3325 792 3397 aequoris,
818 3326 870 3382 has
894 3325 986 3381 minas

242 3419 411 3487 Ventorum,
435 3418 488 3475 has
511 3419 621 3476 hiemes
645 3421 770 3477 suscitat
792 3420 879 3476 inferi

291 3512 482 3584 Nequiquam,
508 3513 584 3569 illius
608 3530 677 3586 orgo

331 3606 497 3678 Indignatio
520 3608 671 3679 principis,

178 3721 216 3752 1121.
231 3720 407 3752 Litterarurdonkni.
421 3717 436 3750 7.
