2490 4080
571 676 608 732 ΙΙ,

389 812 555 872 IACOBVS
578 815 784 874 MIOYLLVS.

139 939 339 1010 Epicedion
364 943 396 998 in
421 943 552 999 obitum
577 944 768 1002 Gertrudis
791 948 914 1005 uxoris
939 966 1030 1006 suae.

147 1050 194 1107 Sic
216 1052 306 1124 igitur
328 1071 441 1123 saevae,
467 1056 517 1125 sic,
543 1073 559 1113 o
584 1057 750 1114 dulcissima
773 1059 906 1127 coniunx,

188 1147 266 1204 Ante
290 1165 372 1204 suum
395 1149 506 1206 Parcae
529 1156 558 1207 te
581 1168 706 1223 rapuere
730 1149 827 1208 diem?

145 1241 206 1298 Nec
229 1245 279 1298 tua
302 1248 331 1299 te
353 1244 447 1314 pictas
471 1262 524 1302 nec
547 1250 592 1301 tot
614 1251 713 1303 texere
736 1246 861 1315 labores

189 1337 255 1394 Non
278 1354 360 1394 arnor
383 1343 412 1395 et
436 1344 517 1395 casto
540 1340 640 1396 iuncta
661 1340 773 1411 pudore
796 1339 878 1409 fides

116 1430 221 1499 nQuin
242 1432 344 1502 procul
366 1432 423 1489 hou
444 1433 541 1504 patria
564 1439 593 1490 et
615 1432 748 1491 flaventis
771 1435 885 1506 gurgite
908 1435 1008 1492 itloeni

186 1525 318 1582 Externa
340 1525 427 1611 fieres
450 1526 546 1585 flebile
568 1527 654 1585 furius
677 1529 764 1585 humo

146 1620 208 1676 Nec
231 1621 266 1676 do
290 1626 319 1677 te
343 1621 495 1693 quicquam
517 1627 643 1680 restaret
666 1640 751 1695 quam
772 1624 843 1680 levis
866 1623 969 1681 umbra

189 1715 229 1771 Et
252 1715 324 1772 cinis
348 1721 377 1772 et
401 1716 499 1788 digitis
523 1735 590 1775 ossa
613 1718 737 1775 levanda
759 1718 861 1787 tribue,

145 1812 225 1878 Quae
249 1815 362 1881 tegeret
384 1811 447 1867 vilis
470 1821 627 1884 properato
652 1813 762 1884 cespite
785 1813 869 1870 tellus

104 1921 130 1963 10
189 1906 248 1960 Aut
272 1905 360 1962 etiarn
383 1911 528 1976 premeret
550 1907 679 1977 pondere
702 1907 783 1964 laesa
805 1905 906 1979 gravi?

146 1999 264 2056 Scilicet
286 2000 342 2056 hoc
363 2002 472 2058 nostris
496 2001 598 2058 deerat
620 2007 688 2072 post
711 2007 809 2058 cetera
831 2001 909 2071 fatis,

188 2093 270 2151 Haec
292 2093 395 2151 aberat
418 2112 545 2152 summae
569 2094 668 2153 debita
692 2112 761 2153 cura
783 2112 874 2164 meae,

146 2189 184 2245 Vt
206 2187 282 2246 facie
305 2190 385 2246 cuius
409 2190 532 2247 viventis
556 2197 586 2246 et
609 2207 660 2246 ore
683 2188 812 2258 fruebar,

187 2284 363 2355 Aspicerent
385 2284 462 2341 oculi
484 2301 588 2354 corpus
611 2285 697 2341 inane
721 2285 786 2353 mei,

103 2396 130 2438 15
145 2379 185 2435 Et
208 2378 310 2450 quibus
333 2379 396 2450 ipse
419 2379 474 2436 tibi
498 2379 630 2435 dextram
655 2380 821 2450 complexus
844 2378 965 2448 inhaesi,

189 2472 260 2530 Crnn
283 2472 388 2530 fierent
411 2473 515 2531 taedae
538 2472 660 2530 foedera
682 2474 776 2544 prima
798 2490 898 2542 novae,

145 2567 199 2624 His
222 2573 274 2624 tua
296 2585 371 2624 nunc
393 2568 526 2625 manibus
549 2574 678 2625 maestus
700 2569 866 2640 gemituque
889 2569 1016 2640 repletus

188 2661 371 2734 Contigerem
394 2664 472 2719 tristi
493 2662 601 2734 frigida
623 2662 753 2720 membra
776 2660 859 2720 solo?

145 2757 211 2813 Heu
233 2774 288 2826 mc,
313 2758 360 2829 qui
383 2762 465 2814 tanto
489 2757 613 2827 produxi
636 2762 767 2828 tempore
791 2757 888 2825 vitani,

101 2870 130 2912 20
188 2852 254 2909 Heu
277 2852 379 2923 spatiis
403 2857 484 2908 aetas
507 2851 653 2908 invidiosa
676 2851 751 2907 suis!

146 2945 212 3004 Non
235 2947 324 3018 igitur
345 2945 469 3018 posthac
492 2950 597 3012 tecum,
622 2961 687 3002 inea
710 2945 777 3012 vita,
803 2945 931 3001 sedendo

188 3040 312 3098 Solabor
334 3040 402 3097 fatis
426 3040 513 3096 anxia
536 3039 626 3096 corda
648 3036 740 3096 ineis?

145 3137 211 3193 Non
233 3141 318 3194 notas
342 3135 443 3192 audire
467 3140 532 3191 tuas
557 3139 586 3191 et
608 3133 732 3190 reddere
757 3149 853 3201 voces

186 3232 253 3288 Non
276 3230 393 3288 dabitur
416 3229 509 3287 solitis
535 3229 624 3286 corda
647 3229 744 3285 levare
767 3228 861 3285 modis

100 3344 129 3387 25
145 3327 226 3399 Inter
247 3325 389 3394 ludentes
415 3324 564 3382 amborum
585 3324 717 3396 pignora,
742 3328 836 3389 natos,

189 3420 337 3491 Quotquot
359 3419 454 3476 adhuc
477 3419 603 3491 reliquos
626 3419 686 3474 vita
710 3422 858 3488 superstes
881 3412 989 3472 habet?

145 3516 290 3573 Venturos
312 3515 402 3586 igitur
425 3530 498 3587 (luae
521 3530 584 3570 sors
608 3512 677 3568 niihi
700 3510 784 3568 finiat
806 3527 907 3579 arinca,

188 3609 304 3679 (innovo
326 3614 442 3680 promat
464 3625 552 3665 canos
576 3624 665 3680 aegra
687 3612 810 3664 senecta
828 3602 934 3662 nieos‘t

914 3717 950 3768 ¹3⁸ss
