2490 4080
369 252 401 297 11.
432 249 638 295 SEBASTIANVS
656 248 865 294 seuurunal's
1064 237 1103 293 45

337 390 604 484 suansrrauus
633 423 897 482 senueruars.

314 547 364 604 De
392 563 513 604 novem
542 546 726 602 mulierum
753 545 918 618 pellibus.

276 650 381 708 Sexum
403 649 560 707 femineum
582 649 658 720 luge,

334 744 428 801 Pelles
451 743 607 801 femineum
631 759 735 814 eorpus
759 743 847 801 habet
870 759 982 800 nerem.

275 839 367 895 Piscis
391 839 485 909 prima
508 843 602 895 eutem
626 837 717 894 refert-

334 933 416 1002 Eius,
441 933 488 1004 (lui
512 932 606 1004 rigide
630 932 730 1004 stipite
753 932 898 989 tunditur:

274 1028 330 1084 Hie
354 1044 475 1098 quassus
500 1027 588 1083 veluti
612 1027 686 1097 silet,

336 1121 384 1178 Sia
406 1122 530 1192 primum
553 1121 656 1178 mulier
680 1138 766 1179 caesa
788 1122 951 1178 molestiam

276 1216 401 1272 Tristem
426 1215 546 1272 devorat
569 1216 677 1273 ietuum

336 1311 398 1367 Nee
422 1311 530 1380 rumpit
553 1311 672 1381 querula
694 1328 765 1367 vere
789 1311 944 1367 silentium.

276 1404 343 1460 Vrsi
366 1404 473 1460 dieitur
495 1404 596 1472 altera,

336 1498 416 1567 Quae
438 1499 555 1569 pulsata
578 1498 740 1555 diuniulta
764 1503 965 1555 remurmurat.

274 1593 350 1649 Huic.
373 1593 497 1649 vieinier
520 1593 631 1649 anseris

334 1687 403 1743 Est:
428 1703 513 1758 iliram
536 1687 560 1743 si
584 1692 634 1744 tua
656 1687 760 1758 pugnis
783 1687 879 1744 rabies
903 1687 980 1756 ferit,

277 1781 411 1838 Confusis
435 1781 561 1853 blaterat
586 1782 664 1838 suuis

336 1875 535 1947 Obtunditque
558 1877 612 1933 tibi
636 1893 721 1934 aures
745 1878 922 1936 muliercula.

278 1969 308 2027 Si
331 1970 436 2040 pellem
460 1971 581 2027 similem
606 1972 685 2028 canis

335 2064 448 2121 Dentre
472 2066 640 2136 contigeris
664 2067 754 2123 latrat
776 2067 910 2138 iniquius.

277 2158 328 2215 Sin
350 2158 425 2215 hane
449 2176 504 2230 frua
527 2161 636 2231 tegitur
658 2160 749 2231 lepus,

337 2253 455 2310 Plantas
480 2255 603 2310 consulit
627 2258 655 2310 et
678 2254 848 2326 pestiferam
871 2255 946 2311 luem

277 2347 367 2418 Optat
391 2346 549 2404 visceribus
574 2348 640 2404 tuis.

336 2442 443 2498 Audax
465 2442 627 2513 insequeris
650 2443 702 2511 uir,
728 2443 838 2500 cerium
861 2460 948 2500 mauu

277 2536 317 2592 Et
341 2537 414 2593 dura
437 2536 527 2592 sielas
551 2537 631 2608 equi:

336 2631 428 2687 Retre
452 2631 586 2687 calcitrat
609 2637 637 2688 et
660 2631 794 2688 verberat
819 2637 887 2688 aera

278 2725 375 2797 Teque
399 2725 502 2795 ipsum,
528 2726 584 2782 nisi
608 2727 739 2794 cesseris,

335 2819 469 2876 Adverso
494 2820 593 2877 cubitu
617 2822 751 2892 calceque
774 2822 909 2892 percutit.

278 2913 380 2971 Pulsas
404 2914 525 2971 ulterius
550 2920 644 2971 eutem

337 3007 430 3064 Felis:
454 3008 563 3064 uiribus
588 3026 619 3065 es
643 3010 752 3066 involat
773 3010 802 3065 in
823 3015 903 3066 tuum

278 3102 360 3160 Totis
385 3108 413 3160 et
436 3102 632 3159 miserabilem

338 3197 454 3253 Vultum
479 3197 644 3268 sanguineis
669 3197 780 3254 sauciat
803 3199 955 3270 unguibus.

279 3291 337 3359 Sin,
363 3309 433 3363 quas
458 3292 625 3363 suppeditat
648 3291 703 3348 tibi

339 3386 480 3457 Flagrans
504 3387 556 3455 ira,
582 3386 695 3443 suillam
718 3387 850 3444 trabibus
875 3389 969 3460 qualis

278 3479 394 3547 Pellem,
419 3481 545 3550 grunnit,
570 3486 602 3536 ut
624 3482 699 3537 illius

338 3574 391 3630 l'el
415 3591 516 3630 saxum
539 3574 673 3632 rideatur
694 3577 892 3634 miserescere.

277 3668 318 3724 Tu
341 3685 414 3727 sare
439 3687 553 3744 queque
578 3671 682 3730 ‹luriur
