2490 4080
199 211 254 266 ·14
431 217 454 263 1.-
472 216 590 261 parans
613 216 775 259 neuenn's
799 215 963 260 suesanus

294 397 317 454 Ο
342 399 427 465 eaput
452 393 596 450 aerumnis
622 409 710 463 saepe
734 390 819 448 fidele
842 392 928 449 meis!

251 492 295 548 Tu
318 489 404 546 uredo
428 492 598 558 praesentes
622 486 742 554 morbis,
768 485 870 558 quibus
894 486 994 554 uteris,
1020 485 1128 543 herbas

208 608 237 648 50
296 583 423 653 Cenligis
448 587 478 637 et
501 598 602 637 sueres
627 581 746 638 eeniieis
769 581 838 637 inde
862 597 944 652 su0s3

252 681 290 738 Et
315 677 400 735 rnede
424 681 574 747 pasterurn
598 675 683 731 viridi
708 676 828 732 eenviva
851 675 904 732 sub
927 673 1030 730 umbra

297 770 431 829 Ceneinis
456 769 566 840 argutis
591 787 707 826 earnien
730 775 845 841 agreste
868 769 976 840 niedis;

252 871 369 927 Interea
392 865 495 937 gelidis
519 865 548 920 in
571 865 693 921 vallibus
717 882 788 921 aura
811 868 951 932 susurrat,

294 961 380 1018 Lenit
404 965 434 1016 et
456 959 577 1016 arderes
601 960 720 1029 spiritus
745 959 791 1015 ille
815 964 889 1015 tuos.

208 1079 237 1120 aa
252 1058 344 1124 Felix,
370 1055 418 1126 qui
440 1053 539 1109 melles
564 1054 656 1109 trabis
680 1053 796 1109 alulitus
820 1053 925 1110 arbore
950 1068 1076 1120 sentires,

295 1152 373 1221 Ques
396 1150 459 1205 leve
484 1148 618 1204 eenieiliat
642 1165 770 1203 rnunnur
793 1149 887 1203 euntis
911 1163 1012 1218 aquae.

252 1249 301 1304 llle
325 1245 421 1301 Venus
444 1243 562 1298 inuentis
586 1243 645 1312 agit
668 1242 826 1312 irnperiusa
848 1241 992 1313 procellis

294 1340 332 1396 Vt
355 1339 430 1408 rapit
455 1336 605 1392 instabiles
629 1340 726 1392 aestus
754 1337 783 1392 in
806 1338 865 1393 alta
888 1344 976 1393 rates.

252 1437 328 1492 lline
352 1437 404 1500 est,
430 1432 506 1503 qtrud
530 1431 622 1486 duleis
646 1448 698 1486 nee
723 1448 810 1502 earpe
835 1431 912 1488 dena
935 1431 1069 1487 iuventae

208 1552 237 1593 aa
294 1530 341 1585 Ex
363 1526 464 1584 liuniili
487 1543 540 1581 nee
563 1543 608 1580 ine
633 1526 759 1581 eannine
783 1525 869 1582 Musa
891 1527 977 1582 levat.

252 1625 328 1695 Quin
350 1622 429 1694 prius
453 1621 482 1676 in
506 1637 641 1676 uulneres
665 1620 765 1676 faciles
789 1637 862 1692 quae
886 1625 988 1692 sponte
1011 1618 1156 1691 fluebant,

295 1719 351 1774 Vix
375 1720 480 1772 eeeunt
503 1714 587 1769 iustis
611 1714 699 1770 rerba
723 1721 826 1770 euentu
848 1715 951 1771 rnedis.

252 1814 319 1871 Neu
343 1816 439 1866 tanren
462 1808 606 1879 indigner,
632 1810 723 1864 nrerni
749 1826 860 1881 apteque
884 1809 969 1878 ferte,
995 1809 1047 1866 sed
1070 1812 1139 1883 angi

296 1907 363 1963 Nun
386 1903 478 1960 inerui
502 1904 591 1958 tantis
614 1920 667 1959 nee
692 1904 752 1959 sine
776 1902 832 1959 fine
856 1904 948 1960 rnalis.

210 2022 239 2064 aa
253 2003 322 2058 Nun
344 2016 398 2070 ege
423 2003 460 2065 te,
485 2014 550 2054 mea
572 1999 629 2066 lux,
655 1999 807 2068 deceptant
829 1997 933 2055 fraude
956 1998 1068 2070 reliqui,

294 2095 361 2151 Nun
384 2093 507 2164 speliuni
531 2098 616 2163 rapte
640 2098 723 2163 turpe
747 2093 859 2162 pudore
883 2094 944 2149 tuli.

251 2191 289 2248 Di
312 2188 382 2245 milii
406 2192 473 2243 sunt
495 2192 601 2243 testes:
626 2188 649 2242 si
674 2187 807 2255 mentior,
832 2204 959 2260 aequare
982 2193 1065 2245 vasto

296 2283 411 2341 Obruar
434 2287 463 2337 et
485 2282 572 2337 mutis
596 2281 724 2351 piseibus
749 2298 816 2337 esca
838 2287 945 2338 natenr.

253 2377 276 2436 Ο
301 2378 404 2434 saltem
426 2377 520 2447 pietas
544 2376 617 2431 baec
640 2376 733 2445 presit
758 2381 788 2432 et
811 2376 913 2433 ultima
934 2394 1052 2449 passum

210 2492 238 2533 ae
296 2471 419 2529 Deferat
441 2471 471 2526 in
493 2475 596 2541 pertus
620 2487 665 2526 nre
690 2470 835 2541 bytherea
859 2472 941 2529 sues!

415 2640 467 2696 Ad
490 2640 657 2696 loannem
681 2641 827 2713 Hagiuni
851 2644 977 2715 elegia.

253 2753 385 2823 Quaene,
409 2752 495 2822 leuga
518 2768 597 2808 rnees
621 2753 749 2824 nunquid
772 2755 819 2810 via
843 2760 986 2826 temperet
1000 2757 1081 2828 ignes

296 2848 358 2903 Aut
380 2845 449 2917 quid
472 2846 568 2902 adhue
591 2848 670 2903 saevi
693 2847 775 2903 miles
799 2850 915 2906 dureris
940 2867 1032 2922 agani,

255 2942 472 3012 Absentemque
495 2940 587 2998 refers
612 2943 743 2999 eerrsunri
766 2942 834 2999 tabe
857 2945 983 3015 puellam

297 3034 447 3106 Multaque
471 3034 605 3092 fortunae
631 3036 666 3092 de
689 3036 808 3093 levitate
832 3041 921 3109 queri.

225 3129 392 3191 aPretinus
415 3133 448 3185 ut
469 3131 535 3202 legi,
562 3130 704 3186 ealel'aeta
726 3149 779 3202 per
803 3149 870 3189 essa
894 3137 1029 3206 cucurrit,

298 3223 411 3294 Sparsit
435 3228 464 3281 et
487 3226 628 3282 attonitas
652 3223 768 3283 flaunna
791 3227 897 3284 rubere
920 3246 1019 3300 genas.

253 3317 327 3376 Sunt
351 3319 438 3376 etiam
462 3320 598 3376 laeriinae
622 3315 702 3395 (narn
724 3338 794 3378 veta
816 3321 943 3390 fatebar)
967 3324 1098 3395 obortae,

297 3412 457 3470 Admonitu
481 3414 615 3471 deminae
640 3430 690 3470 eor
713 3416 783 3472 inibi
806 3418 891 3474 inulle
914 3418 978 3475 fuit.

253 3507 320 3565 Nen
344 3508 493 3579 quisquam
516 3508 636 3565 meliore
659 3507 716 3565 fide
739 3509 783 3584 (tu
806 3512 902 3588 testis)
925 3515 1041 3584 anuuit,

216 3621 243 3661 10
303 3602 374 3658 Uuni
397 3619 472 3658 neve
495 3619 539 3658 ine
556 3601 677 3659 Veneris
701 3605 779 3660 arisit
802 3606 831 3661 in
855 3623 935 3665 arina
958 3627 1039 3680 puer.
