2490 4080
382 234 413 278 11.
436 234 565 280 lACOBVS
586 233 747 280 niouuuvs

178 409 311 480 Impositi
333 409 405 480 ripis
428 411 642 480 praetereuntis
666 425 771 482 aquae3

77 521 119 563 aua
137 503 242 560 Cetera
264 503 413 575 longinqui
435 505 584 575 perierunt
608 505 749 576 temporis
773 521 836 571 usu,

178 597 218 654 Et
240 599 314 670 tegit
335 598 469 670 ingentes
492 605 577 656 vasta
599 600 683 656 ruina
706 599 817 655 domos.

136 692 198 749 Tali
221 693 310 763 igitur
332 694 436 764 patria,
461 694 513 751 tali
537 711 649 767 quoque
673 695 764 764 stirpe
788 698 896 761 creata,

178 786 314 859 Quaeque
338 788 423 845 decet
447 794 543 846 castas
566 789 702 860 praedita
725 788 793 844 dote
817 789 926 842 nurus'

136 881 287 938 Debueras
311 883 408 954 eliqua
431 900 553 954 superos
576 884 622 940 vel
644 887 727 954 parte
750 897 876 950 movere,

78 993 121 1034 aro
179 975 329 1033 Debuerat
350 978 443 1034 virtus
467 983 587 1049 tangere
610 977 672 1034 iata
695 982 753 1033 tua.

137 1068 195 1125 Sed
217 1086 310 1141 neque
333 1070 394 1128 fata
417 1077 534 1131 movent
559 1072 705 1128 hominum
728 1069 892 1138 benefacta,
920 1085 974 1125 nec
996 1067 1055 1123 ulla

179 1163 351 1221 Flectuntur
373 1171 475 1222 nostra
497 1171 619 1236 pectora
643 1166 716 1222 dura
738 1180 839 1236 prece3

137 1257 245 1329 Illoque
270 1275 333 1316 sors
356 1260 480 1330 placidis
504 1277 620 1332 semper
642 1264 741 1317 manet
763 1258 866 1315 addita
887 1256 984 1324 rebus,

180 1352 244 1421 Qua
264 1353 358 1424 prima
380 1355 529 1411 intereunt
552 1357 662 1425 optima
685 1370 814 1426 quaeque
839 1352 899 1408 die:

78 1465 121 1506 ‘215
138 1445 185 1503 Sic
209 1463 284 1517 rosa,
313 1449 355 1504 sie
378 1449 472 1506 violae
495 1449 589 1519 prima
611 1448 775 1505 moriuntur
797 1447 827 1502 in
849 1445 950 1512 herba,

180 1541 312 1599 Candida
333 1560 387 1600 nec
410 1548 472 1600 toto
496 1543 557 1600 lilia
579 1559 677 1600 mense
700 1543 808 1613 nitent3

88 1626 92 1630 ’
137 1639 177 1694 At
201 1643 302 1694 contra
325 1637 425 1694 tribuli
449 1642 478 1694 et
500 1638 575 1694 male
598 1637 687 1694 noxia
709 1637 840 1708 gramina
864 1635 964 1706 spinae

180 1731 242 1789 Nec
264 1738 397 1789 metuunt
420 1737 521 1789 ventos
545 1748 598 1789 nec
621 1733 686 1788 nive
709 1736 789 1788 tacta
813 1730 928 1787 eadunt.

139 1826 299 1897 Pasiphaes
323 1844 407 1884 nemo
430 1828 507 1883 vitae
532 1827 682 1884 desiderat
705 1843 805 1895 annos,

80 1941 123 1983 rao
180 1921 273 1978 Nemo
297 1921 440 1978 Hecates:
464 1920 525 1979 fato
550 1927 656 1978 neutra
677 1925 828 1992 perempta
851 1920 931 1976 brevi
955 1923 1013 1989 est3

139 2017 179 2073 At
201 2016 278 2072 iacet
300 2017 427 2072 Alcestis
451 2033 504 2087 pro
529 2017 651 2087 coniuge
674 2021 790 2072 mortua
812 2015 886 2082 viro,

182 2110 309 2182 Cumque
333 2127 385 2167 suo
409 2111 516 2167 cecidit
538 2110 701 2167 Laodomia
723 2110 796 2166 viro.

138 2207 218 2278 Ergo
242 2205 344 2262 eadem
366 2206 474 2261 nostris
498 2222 561 2261 sors
585 2205 684 2261 invida
706 2209 735 2260 te
759 2220 871 2275 quoque
895 2201 981 2259 rebus

182 2299 321 2369 Abstulit,
346 2304 375 2356 et
399 2299 495 2356 subito
519 2298 620 2356 funere
644 2315 740 2355 mersa
762 2299 849 2366 iaces

80 2415 123 2456 ‘225
139 2395 193 2452 Cui
216 2411 308 2465 neque
331 2398 395 2450 tota
417 2394 533 2465 quidem
555 2394 632 2450 vitae
656 2393 701 2449 bis
725 2397 864 2465 quattuor
887 2398 969 2448 actae

182 2489 333 2559 Ruperunt
355 2489 467 2545 medios
490 2489 583 2545 lustra
606 2493 726 2558 repente
750 2488 821 2556 dies,

140 2585 282 2654 Tempore
310 2600 365 2654 quo
389 2584 492 2640 melior
513 2583 598 2640 fessis
621 2583 680 2639 iam
703 2582 844 2639 matribus
868 2587 949 2639 aetas

183 2678 305 2749 Otiaque
330 2695 347 2734 a
369 2683 455 2748 partu
478 2694 543 2735 sera
566 2678 665 2735 venire
689 2678 792 2735 solent..

140 2773 202 2830 Nec
225 2773 307 2829 licuit
330 2789 430 2828 cursus
454 2773 518 2829 aevi
541 2778 674 2843 spectare
698 2777 813 2828 tuorum

82 2887 125 2928 aso
182 2867 245 2924 Nec
268 2866 324 2923 sibi
347 2867 424 2938 quod
447 2867 523 2923 vitae
547 2867 667 2938 quisque
690 2871 825 2936 parasset
848 2867 912 2933 iter,

140 2962 208 3019 Non
230 2967 346 3018 teneras
369 2965 480 3031 neptes,
505 2978 564 3017 non
585 2962 709 3032 pignora
733 2977 801 3017 cara
823 2964 970 3030 nepotum,

184 3056 321 3128 Quaeque
344 3055 440 3112 solent
462 3056 583 3112 comites
606 3054 748 3112 matribus
771 3056 814 3110 ire
837 3071 940 3110 nurus:

142 3150 245 3208 Omnia
258 3167 340 3222 quae
363 3151 467 3221 longae
491 3150 600 3207 solacia
623 3166 692 3206 cara
715 3154 850 3206 senectae

183 3246 279 3316 Atque
303 3245 392 3301 animi
416 3244 560 3316 quondam
585 3262 654 3302 cura
677 3243 776 3300 futura
798 3244 849 3299 tui.

83 3357 126 3399 aaa
141 3338 207 3396 Heu
229 3340 304 3395 inale
327 3356 391 3396 cum
413 3344 498 3410 rapta
520 3355 599 3396 mors
623 3338 743 3396 abstulit
765 3338 864 3394 invida
886 3338 947 3395 vita

185 3433 282 3505 Teque
305 3438 351 3489 tot
373 3434 489 3491 orbavit
511 3434 599 3491 rebus
622 3434 721 3505 iniqua
743 3433 842 3489 bonis!

143 3527 280 3584 Forsitan
303 3533 332 3584 et
355 3533 470 3585 nostras
493 3528 549 3585 luis
571 3530 636 3600 ipsa
658 3528 822 3584 miserrima
844 3544 962 3597 poenas,

186 3622 226 3678 Et
247 3638 375 3679 mersere
399 3627 486 3694 caput
509 3623 630 3680 erimina
652 3627 754 3679 nostra
776 3627 865 3678 tuum.
