2490 4080
433 219 475 263 lx.
504 218 645 264 EOBANVS
667 220 792 265 Russus

174 396 224 466 Et,
248 395 305 453 nisi
328 410 403 452 vana
426 394 543 451 scholae
567 395 679 453 vicinae
702 395 777 453 lallit
799 397 904 468 imago,

217 490 349 547 Aonidas
375 489 494 546 comites
517 507 645 561 auguror
667 491 726 547 isse
751 492 820 548 viro.

176 585 223 642 Sic
245 584 323 642 bona
347 588 508 654 spectatum
531 583 723 655 nympharum
746 585 832 642 turba
854 585 958 644 ruebat

218 681 244 736 A
267 677 364 746 fluvio,
389 678 490 735 Musas
513 679 701 749 praeteriisse
725 689 819 750 put-es
1011 682 1013 689 '

136 793 162 833 aa
177 772 294 841 Nescio,
319 789 392 844 quac
415 777 531 829 nostras
555 773 644 830 etiam
667 790 722 830 vox
745 774 825 830 venit
847 776 885 832 ad
908 794 993 834 aures

217 868 367 940 Tanquam
391 867 426 924 dc
450 867 562 938 superis
586 867 644 924 tale
668 868 737 945 quid
761 885 832 926 ausa
854 870 946 942 loqui:

176 963 333 1034 ‘Exoptate
357 962 406 1019 diu
429 961 504 1018 votis
527 962 654 1019 Martiae
678 967 802 1032 tuorum,

219 1058 329 1115 Nost-ra
352 1057 438 1113 deum
462 1056 565 1113 dextro
590 1058 705 1114 numine
729 1063 808 1115 tecta
831 1059 909 1115 suhi!

175 1153 275 1221 Vnice,
300 1151 348 1223 qui
372 1151 481 1207 Christi
503 1152 617 1222 populis
642 1153 759 1209 oracula
782 1153 881 1209 reddis

133 1265 160 1306 ro
219 1247 259 1304 Et
281 1246 378 1304 verbis
401 1246 486 1303 reddi
509 1245 641 1317 qualibus
665 1247 715 1304 illa
738 1247 836 1318 deect;

175 1342 255 1411 Quae
278 1343 395 1398 iacuere
419 1341 468 1396 diu
490 1340 619 1397 tenebris
645 1339 765 1398 confusa
786 1342 916 1412 priorum

218 1435 309 1493 Sacra
332 1435 419 1492 doces
442 1452 515 1506 puro
539 1435 645 1492 lumine
670 1436 779 1507 scripta
801 1436 867 1507 legi.

176 1530 306 1602 Namque
331 1529 383 1586 sub
407 1530 462 1586 hac
485 1529 569 1586 latuit
593 1530 748 1587 multorum
771 1530 887 1586 inscitia
910 1532 996 1602 palla,

220 1624 250 1681 Si
273 1623 379 1681 fierent
401 1625 501 1696 paucis
526 1625 643 1696 cognita
666 1625 754 1681 verba
777 1624 842 1693 Dei,

131 1739 159 1780 75
175 1720 219 1776 Tu
240 1720 319 1776 velut
341 1737 358 1776 a
380 1719 456 1776 facie
479 1719 572 1776 Mosis
595 1720 738 1777 velamina
761 1720 869 1777 ducens

219 1815 370 1885 Apparere
393 1812 475 1882 lacis,
501 1831 573 1886 alnae
596 1816 709 1871 latuere
731 1815 821 1885 prius,

174 1909 218 1966 Tu
242 1925 294 1965 sua
318 1907 510 1965 Christicolae
533 1908 632 1966 reddis
658 1910 829 1981 cognomina
851 1911 937 1981 plebi,

217 2002 352 2071 Nomina,
378 2019 451 2073 quae
474 2002 560 2060 rebus
585 2004 704 2061 dissona
726 2021 819 2075 nuper
841 2010 932 2061 erant.

175 2098 236 2155 Pax
258 2097 364 2153 iterum
388 2097 467 2154 caclo
492 2097 570 2153 redit
592 2114 690 2166 aurea,
716 2103 746 2154 et
768 2097 853 2154 hoste
875 2105 1027 2170 perempto

131 2211 160 2252 ao
218 2191 313 2249 Nocte
339 2190 391 2247 sub
415 2196 535 2247 aeterna
557 2191 634 2248 bella
658 2192 772 2262 sepulta
794 2192 899 2249 iacent.

180 2286 347 2358 Ingredere,
373 2302 389 2342 o
413 2285 497 2341 felix!
534 2285 666 2342 Christus
689 2285 820 2342 fortunet
843 2292 967 2355 euntem,

165 2370 168 2375 ’
215 2381 277 2437 lam
300 2378 355 2437 tihi
378 2396 433 2451 quo
457 2385 563 2437 noceat
585 2380 626 2436 nil
647 2380 727 2436 l'erus
750 2380 843 2437 hostis
867 2381 963 2438 hahet.

130 2516 133 2521 -
175 2475 332 2546 Ingredere
356 2492 373 2532 o
397 2480 558 2546 coeptoque
581 2475 648 2531 iuva
671 2475 831 2532 consistere
855 2493 951 2546 cursu,

216 2569 295 2638 Quos
318 2569 424 2626 iterum
448 2568 565 2626 Christo
588 2570 761 2640 parturiisse
784 2575 876 2641 potes

130 2683 159 2725 aa
176 2663 258 2721 Sicut
280 2668 310 2720 et
332 2663 459 2721 invidiae
482 2681 595 2720 morsus
620 2665 780 2722 contemnis
803 2665 913 2735 inanes

218 2757 266 2815 Sic
290 2759 336 2830 qui
361 2759 474 2815 sincere
497 2762 526 2815 te
550 2763 727 2815 venerantur
749 2758 839 2816 amal’

193 3007 245 3064 Ad
269 3007 463 3064 Martiuum
485 3006 690 3078 Erphurdia
713 3006 899 3064 abeuntem
923 3008 1048 3081 elegia.

175 3127 266 3196 Vade,
291 3132 372 3184 tuum
395 3127 515 3184 comites
539 3128 661 3196 animae,
686 3127 842 3198 purissima
868 3127 962 3198 turba,

217 3222 376 3293 Angelicae
400 3228 516 3279 servent
540 3226 569 3278 et
592 3227 729 3278 tueantur
750 3221 820 3279 iter!

176 3315 198 3384 I,
222 3323 290 3387 pete
314 3317 506 3388 Vangionum,
530 3316 588 3374 iam
611 3317 711 3374 sedem
735 3315 879 3387 Caesaris,
904 3318 1014 3375 urbem.

219 3410 272 3467 llla
295 3411 372 3482 quod
395 3416 449 3477 est,
474 3429 542 3468 num
565 3417 603 3481 te,
628 3412 731 3479 Roma,
755 3410 845 3469 fuisse
869 3410 979 3483 pudet?
1091 3404 1093 3408 ’

147 3503 246 3573 albis,
272 3505 450 3563 adornantes
473 3508 607 3578 Augusta
630 3506 746 3564 Palatia
767 3523 860 3578 reges,

217 3598 315 3657 Stabis
338 3600 498 3657 honoratos
522 3607 598 3670 ante,
624 3600 761 3669 Luthere,
788 3602 885 3658 duces.
