2490 4080
363 217 406 262 IX.
436 217 577 263 EOBANVS
599 218 723 263 HESSVS.
737 223 739 226 ⁴

161 393 247 452 Eheu
270 394 306 452 de
330 401 438 467 quanto
460 396 584 453 culmine
607 397 690 468 lapsa
707 396 799 468 iaces!

71 509 102 550 45
120 489 213 559 Quaun
235 487 402 547 libertatern
426 491 536 547 cunctis
561 491 640 560 dare,
665 491 767 559 Roma,
792 489 916 558 solebas,

162 583 271 655 Aspice
293 589 332 654 te,
356 583 466 653 infelix,
491 601 576 657 quam
598 585 670 642 nihil
693 585 778 642 huius
801 585 900 642 habes.

122 679 186 736 Heu
208 678 258 736 ubi
281 676 440 736 maiestas?
464 678 527 749 Quo
551 684 634 737 tanta
656 680 789 752 potentia
812 675 945 737 Romae?

163 772 265 830 Totius
289 789 342 830 arx
364 773 453 844 orbis,
478 774 623 846 quomodo
646 773 742 832 fracta
764 771 863 831 iaces?

121 867 225 925 Omnia
248 869 290 924 sic
312 873 445 940 pereunt,
470 869 558 926 etiam
582 869 742 943 celsissima
764 886 870 938 rerum,

75 981 106 1021 co
164 961 205 1018 Et
226 961 299 1019 nihil
322 968 366 1020 est
388 963 447 1020 isto
470 962 525 1020 sub
548 962 617 1021 Iove
642 980 757 1034 seroper
778 962 865 1021 idern.

119 1056 215 1126 Musa,
238 1057 316 1115 redi:
341 1075 397 1129 quo
420 1062 449 1114 te
472 1058 544 1116 iacis
567 1059 645 1116 ultra
668 1063 771 1129 saepta
793 1074 846 1129 par
868 1058 940 1114 istas

165 1150 225 1208 Ceu
248 1168 351 1222 vepres
375 1152 500 1224 quodam
523 1158 607 1211 sueta
622 1151 729 1220 lurore
752 1149 836 1224 rapi?

120 1245 244 1302 'lantum
267 1246 324 1304 iter
346 1263 382 1303 ex
405 1246 500 1304 animo
524 1245 577 1303 tibi
600 1247 732 1319 gratulor
754 1246 834 1315 illud,
860 1247 940 1314 lona,

162 1339 218 1396 Est
240 1340 318 1412 quod
339 1340 489 1412 praecipui
511 1341 636 1398 nominis
661 1340 729 1398 inde
752 1340 866 1408 trahas3

77 1453 106 1494 oa
122 1434 236 1492 Forsan
257 1440 290 1491 ut
313 1432 468 1503 obtrectet,
493 1435 568 1492 sicut
591 1435 666 1492 solet
689 1435 794 1503 omnia,
818 1435 900 1502 livor,

164 1528 249 1586 Hunc
273 1534 304 1586 tu
327 1529 495 1587 iamdudum
518 1545 656 1600 spernere
680 1529 783 1587 doctus
808 1544 882 1585 eras.

121 1623 191 1692 Quis
214 1624 330 1696 sapiens
354 1640 458 1681 corvos
481 1623 583 1682 timeat
607 1624 752 1681 crocitare
775 1623 923 1690 molestos
961 1695 963 1699 7

162 1717 239 1775 Dum
262 1719 339 1790 quod
363 1718 490 1776 delectet
511 1719 722 1791 progrediatur
744 1715 821 1776 iter?

122 1812 204 1869 Dura
226 1812 283 1869 sibi
305 1811 406 1870 infelix
428 1818 461 1870 ut
483 1814 596 1886 ruperit
619 1813 669 1871 ilia
692 1818 803 1883 venter,

79 1925 108 1966 uu
165 1906 330 1964 Ridendum
352 1908 416 1979 plus
440 1925 525 1980 quam
548 1909 626 1980 quod
648 1908 792 1966 movearis
816 1908 881 1965 erit.

122 2001 198 2059 Nam
221 2002 292 2059 satis
315 2002 346 2058 in
367 2006 478 2074 poenas
500 2005 563 2074 ipse
587 2008 632 2060 est
655 2003 710 2060 sibi
734 2019 821 2074 seque
845 2001 970 2058 dolendo

165 2095 270 2154 Evirat
292 2102 322 2154 et
345 2097 399 2154 soli
423 2096 591 2155 carnificina
615 2096 672 2154 sibi
695 2103 749 2165 est,

123 2190 178 2260 Qui
201 2191 336 2263 quoniam
359 2192 434 2249 male
458 2180 573 2262 sempor
594 2191 663 2264 agit,
691 2189 767 2263 fugit
789 2206 878 2248 aurea
901 2189 970 2247 solis

164 2284 288 2343 Lumina
311 2291 341 2344 et
361 2286 392 2342 in
414 2285 543 2360 tenebris
568 2285 688 2343 surdida
714 2285 794 2356 talpa
815 2285 901 2354 iacet,

79 2397 107 2439 oa
122 2380 163 2437 Et
185 2380 320 2452 quoniam
342 2381 439 2452 placet
461 2380 517 2437 hoc
540 2381 616 2438 vitae
640 2380 910 2452 genusimprecor
931 2379 997 2448 illis,
1070 2380 1072 2384 ’

165 2473 250 2544 Quod
272 2492 348 2533 nuuc
371 2480 438 2532 suut
459 2475 567 2545 miseri,
593 2492 707 2547 semper
728 2475 760 2532 id
783 2490 847 2532 esse
871 2479 987 2546 queant.

122 2569 166 2626 Tu
189 2585 257 2626 vero
280 2570 359 2627 nullo
382 2570 508 2628 invidiae
529 2569 649 2643 per-tuse
672 2586 792 2640 veneno,

165 2664 233 2721 Non
254 2681 380 2736 unquam
402 2666 502 2724 miseri
524 2665 661 2723 sordibus
685 2670 750 2723 acte
772 2665 855 2733 lucri,

124 2757 209 2816 Clare
231 2758 316 2817 bonis
339 2760 436 2828 animi,
460 2759 568 2832 lingua,
591 2758 850 2830 procurandoque,

80 2871 109 2914 ro
167 2853 252 2924 Quod
274 2853 357 2923 lacis,
380 2859 413 2910 ut
435 2853 527 2912 facias
550 2870 638 2925 saepe
662 2853 777 2924 diuque,
802 2868 922 2923 p1·ecor;

123 2948 193 3019 Quis
217 2965 271 3022 ego
293 2965 347 3006 uec
370 2948 429 3005 vidi
451 2948 573 3006 meliora
594 2947 714 3019 negotia
736 2945 816 3003 factu

165 3043 228 3101 Nec
251 3060 324 3116 quae
347 3048 379 3099 tu
401 3043 497 3113 possis
520 3046 571 3100 aut
592 3042 673 3112 prius
696 3045 747 3097 aut
769 3040 880 3096 ruallus.

123 3138 248 3196 Tantum
272 3146 336 3195 erat
358 3137 476 3194 adserto
500 3135 660 3193 Martinum
682 3135 798 3192 vincere
823 3133 949 3205 Christo,

166 3233 208 3290 'lc
232 3232 342 3290 socium
364 3231 438 3289 tanti
461 3229 588 3288 muueris
613 3246 686 3288 esse.
722 3228 828 3287 Valol?

124 3716 164 3748 aas
176 3714 357 3748 thtteranrdenlim.
369 3712 387 3747 i.
