2490 4080
208 186 259 232 VII.
287 187 422 232 Ionuuus
445 188 561 234 OLAIVS.
605 186 765 232 HENRIOVS
786 185 975 231 DECIMATOR.
1058 172 1097 229 85

440 415 614 473 IOANNES
638 415 785 472 CLAIVS.

263 553 312 609 De
337 553 451 609 veioei
475 554 634 610 transitu
657 554 752 611 ritae
776 553 955 610 humanae.

166 672 243 742 Quid
267 671 341 729 tibi?
365 673 441 743 Quid
463 672 574 745 fragilis
598 677 733 744 captatur
755 673 842 729 stulte
866 672 1008 743 voluptas

212 767 271 824 Cur
293 769 354 825 sinc
377 767 460 840 fruge
483 768 537 824 tibi
560 767 656 825 nobile
680 774 794 838 tempus
818 764 899 824 abit?

166 862 268 931 Ludis
294 880 382 931 amas,
407 868 501 934 potas,
527 864 620 935 agitas
645 863 785 931 convivia,
811 863 900 919 saltas

213 956 336 1029 Otiaquc
359 958 479 1028 ignavus
504 957 653 1015 desidiosa
677 957 762 1029 colis3

136 1051 312 1112 eventuras
337 1052 464 1108 studium
488 1051 585 1109 differs
608 1051 683 1109 nrale
706 1068 794 1109 sanus
817 1052 847 1107 in
869 1052 967 1120 boras,

210 1146 334 1203 Labitur
356 1148 469 1204 interea
491 1163 550 1216 ver,
576 1147 654 1203 subit
677 1147 752 1203 aeris
776 1146 878 1215 hiems,

168 1241 283 1312 Nescis,
307 1242 364 1298 heu
386 1242 490 1310 noscis,
516 1248 640 1314 quamtae
664 1241 710 1298 vel
731 1241 872 1315 perbreve
899 1247 1012 1311 tempus

212 1335 358 1393 Praebeat
379 1337 473 1393 utenti
497 1336 713 1392 commoditatis
736 1335 807 1392 iter!

168 1430 276 1502 Incipe,
301 1448 401 1502 rumpe
425 1448 531 1500 morae,
557 1429 729 1487 iuvenilibus
752 1431 844 1487 utitor
867 1430 949 1486 annis

125 1542 153 1584 10
211 1525 274 1582 Nec
297 1526 407 1597 petitor
430 1543 533 1597 segnes
556 1526 744 1597 praeteriisse
769 1524 841 1581 dies.

168 1619 243 1676 Nam
266 1621 356 1676 veluti
378 1638 479 1679 currus
504 1620 591 1678 celeri
614 1626 680 1677 rota
701 1621 828 1677 volvitur
851 1619 932 1688 orbe,

210 1713 257 1771 Sic
281 1715 357 1771 vitae
382 1733 482 1772 cursus
506 1732 564 1772 non
587 1720 750 1772 remoratus
774 1715 845 1772 abit.

168 1808 262 1866 Nemo
285 1814 384 1879 potest
407 1815 516 1867 certam
539 1811 616 1867 vitae
640 1810 696 1867 sibi
718 1827 828 1880 ponere
852 1815 968 1879 metam,

212 1903 294 1983 Mors
319 1905 397 1961 venit
419 1905 531 1962 incerto
555 1910 636 1962 certa
660 1907 761 1978 cuique
786 1905 842 1963 die.

380 2279 578 2338 HENRIOVS
601 2279 845 2338 DECIMATOR.

158 2415 255 2472 Bona
280 2416 503 2473 conscientia
526 2417 743 2474 tutissimum
766 2422 820 2474 est
843 2416 1072 2488 praesidium.

467 2536 552 2592 Mens
575 2536 631 2594 sibi
654 2537 759 2596 foedae

469 2629 593 2689 Conscia
617 2633 717 2703 culpae

469 2727 594 2798 Angitur
616 2745 714 2799 usque,

468 2820 564 2892 Vsque
588 2825 744 2880 tremescit

469 2914 499 2972 Si
524 2933 606 2973 coma
628 2916 728 2975 forsan

468 3012 583 3070 Arbore
608 3012 688 3070 vulsa

468 3106 596 3164 Turbine
620 3109 698 3164 venti

469 3201 581 3270 Quassa
604 3202 753 3273 gemiseat,

469 3296 580 3353 Horret
603 3302 632 3353 et
656 3297 771 3354 hostem

470 3389 572 3446 Credit¹
595 3389 708 3460 adesse,

470 3483 524 3552 Qui
548 3491 691 3542 temerato

469 3577 594 3636 Auferat
618 3580 711 3650 ipsam
