2490 4080
544 731 595 787 IX.

392 894 575 952 EOBANVS
599 893 755 952 HESSVS.

145 1038 195 1095 Dc
218 1038 367 1095 Martini
392 1039 539 1097 Lutlieri
564 1041 597 1097 in
620 1040 742 1098 urbem
765 1041 1004 1112 Erplrurdiam

411 1142 576 1212 ingressu
601 1143 728 1214 elegia.

133 1268 164 1324 Si
188 1286 244 1340 qua
265 1270 344 1341 prius
368 1271 505 1341 querulae
530 1271 677 1327 cecinistis
701 1270 779 1327 lacta
803 1269 956 1337 Camenae,

173 1363 255 1420 Nunc
278 1364 352 1436 elegi
375 1363 480 1421 falsum
503 1383 608 1421 nomen
630 1364 740 1422 habere
763 1365 857 1421 decet.

133 1457 234 1514 Ponite
257 1457 414 1516 luctificam
438 1459 541 1516 solii-ac
566 1457 685 1516 sufflare
708 1459 873 1526 monaulon,

174 1551 234 1609 Iam
259 1553 357 1609 decuit
380 1558 492 1610 vestras
514 1554 647 1611 barbitos
671 1559 741 1625 apta
764 1571 872 1610 manus.

100 1645 184 1711 alte,
209 1647 377 1719 triumphali
400 1649 553 1719 popularia
576 1654 709 1721 tempora
731 1650 813 1705 lauro

174 1740 296 1813 (lingue,
321 1743 434 1800 laetitia
458 1748 503 1800 est
525 1761 571 1800 res
595 1744 763 1815 peragenda
784 1760 870 1800 nova.
909 1789 912 1795 .

131 1836 235 1893 Inclita
257 1839 413 1908 praecipue
438 1839 567 1895 celebres
590 1839 760 1910 Erplrurdia
782 1839 901 1909 plausus

173 1930 246 2000 Ede,
271 1936 336 1988 tuas
359 1931 435 1988 festa
458 1934 571 2005 conlige
593 1932 697 1991 fronde
722 1933 833 1989 comas!

133 2024 208 2083 Eece
231 2027 318 2095 venit,
343 2027 392 2098 qui
415 2032 443 2082 to
468 2027 504 2083 dc
528 2027 664 2084 sordibus
688 2032 772 2084 eruat
794 2027 869 2092 istic,

88 2140 114 2181 ro
173 2119 231 2176 Sub
256 2121 358 2192 quibus
382 2121 438 2178 heu
461 2122 550 2178 nimio
574 2127 705 2193 tempore
728 2138 830 2192 pressa
853 2121 947 2200 iucem

130 2214 236 2272 Dicere
259 2216 312 2272 sed
334 2216 429 2284 liceat,
455 2216 532 2287 quod
555 2233 635 2274 mens
659 2217 790 2273 animosa
813 2216 919 2271 suasit:

174 2310 341 2367 Veridicum
363 2316 459 2367 vatem
482 2328 557 2367 nunc
580 2311 652 2368 libet
675 2328 738 2368 esse
762 2310 825 2367 tihi.

128 2404 180 2460 Ille
203 2404 267 2461 Deo
291 2410 417 2461 mentem
439 2405 541 2475 plenus
565 2407 694 2477 spirante
718 2407 841 2463 salutem

171 2498 327 2568 LutheruS,
353 2500 454 2556 sordes
478 2500 555 2557 eluet
578 2501 625 2557 ille
648 2506 723 2557 tuas.

88 2612 114 2653 ro
130 2592 173 2649 Tu
195 2594 282 2650 modo
305 2593 443 2651 fidentem
467 2612 547 2666 spem
572 2596 691 2667 concipe
715 2600 744 2652 et
766 2596 824 2652 ista
846 2595 976 2666 relinque

173 2687 239 2744 Heu
261 2688 335 2745 male
360 2690 508 2759 regnantis
532 2689 670 2759 dogmata
693 2707 767 2746 vana
791 2689 881 2745 chori.

129 2782 180 2839 Ille
204 2782 319 2854 quidem
342 2783 451 2852 prinrus
475 2783 547 2838 vidit
570 2784 613 2839 vir
636 2783 737 2839 inutile
760 2788 860 2838 nostro

172 2876 315 2947 Tempore
338 2892 391 2947 per
414 2875 523 2932 Christi
547 2894 666 2948 surgere
690 2893 787 2933 semen
812 2893 921 2946 agrum,

129 2971 209 3028 Vidit
234 2976 264 3027 et
287 2976 331 3027 cst
354 2987 440 3027 ausus
466 2970 554 3027 duros
578 2971 719 3027 adhibere
742 2971 853 3041 ligones

86 3088 115 3126 ae
174 3066 326 3138 Noxiaque
349 3064 456 3122 artifici
479 3065 585 3122 vellere
609 3082 738 3137 quaeque
761 3082 856 3121 manu.

130 3161 207 3218 „inte
231 3161 347 3232 quidem
369 3161 443 3217 vidit
465 3160 629 3232 mundoque
654 3159 782 3217 ostendit
804 3160 955 3229 Erasmus

173 3255 375 3327 Saeculaque
399 3262 521 3314 cernunt
545 3255 659 3312 doctius
683 3255 741 3312 ista
763 3255 843 3311 nihil.

130 3349 222 3418 Quam
244 3348 349 3406 fecisse
373 3351 462 3422 igitur
484 3350 563 3406 velut
586 3355 631 3406 est
653 3351 747 3406 minus
771 3351 945 3417 ostendisse,

171 3443 318 3501 Lutherus
342 3446 439 3501 meriti
462 3446 601 3516 grandius
625 3445 719 3501 instar
741 3445 838 3513 habet,

85 3558 114 3599 aa
130 3538 212 3595 Sicut
235 3539 391 3596 Atlanteae
415 3540 562 3596 subiturus
586 3539 718 3610 pondera
740 3539 824 3596 molis
