2490 4080
139 252 176 310 12
210 264 230 309 1.
252 262 386 309 loannes
401 264 570 309 seleutius,
603 263 721 309 Paravs
735 264 900 309 horremus
914 264 1084 311 SECVNDVS.

149 438 310 512 nDunrque
333 440 375 497 ita
398 442 532 497 certatim
555 446 683 498 tractant
705 440 868 512 blandeque
891 440 1030 510 salutant,

221 534 389 591 Suuviolurn
411 540 530 593 tenerae
553 534 616 607 figit
640 536 733 593 urniea
756 535 863 592 Venus.

180 628 252 686 Inde
275 630 365 686 trahit
388 646 503 686 reseurn
527 629 617 687 facies
640 629 809 701 pudibunda
834 630 978 698 (tenuent,

222 723 262 779 Et
285 723 370 780 rubet
392 724 534 795 inpressa
558 741 631 780 nune
648 741 761 796 ‹nrnque
781 723 857 780 nraia
877 728 955 781 treta.

491 913 543 968 Ari
570 912 754 969 Philetarn.

336 1023 458 1092 Phileta,
484 1025 532 1095 qni
549 1029 577 1079 te
594 1024 699 1080 viderit

334 1117 403 1173 Tria
425 1117 515 1175 rerba
537 1123 633 1175 teeurn
657 1117 809 1174 eent'erens

334 1212 374 1268 Et
396 1229 453 1269 nen
477 1212 518 1267 tui
542 1230 608 1269 rnen·
632 1213 738 1269 arserit

336 1307 443 1363 Arnere
466 1307 674 1377 perditissime,

336 1400 420 1457 Hune
445 1407 509 1458 eete
533 1406 632 1457 naturn
657 1400 787 1473 stranieer

333 1495 427 1552 Nullis
450 1496 560 1551 mereri
584 1494 716 1551 senaiirus

334 1590 375 1645 Et
397 1590 544 1646 (lurierern
569 1588 711 1646 euntibus.

335 1684 410 1753 Quin
434 1685 537 1755 Cypria
561 1684 636 1739 laune
659 1683 806 1739 liestiliter

336 1778 414 1846 Odit,
443 1778 555 1849 Cupide
580 1777 702 1834 (levaret

336 1872 376 1929 Et
400 1878 590 1931 exsecrantur
613 1872 742 1929 Gratiae.

315 2333 464 2391 PETRVS
489 2333 698 2392 LOTICHIVS
724 2332 936 2391 SECVNDVS.

230 2488 282 2545 Ad
304 2488 492 2545 Matthianr
516 2488 651 2545 Steiuui
674 2487 866 2546 Berussurn
894 2487 1021 2559 elegia.

184 2608 262 2665 Eece.
284 2626 392 2665 nevurn
413 2613 518 2678 vatent,
542 2609 664 2680 pulchra
688 2627 752 2665 eurn
774 2614 867 2666 niatre
891 2607 1018 2679 Cupide!

226 2702 303 2759 Vror
326 2708 356 2760 et
379 2719 414 2759 en
436 2719 553 2775 gressus
569 2704 600 2760 in
622 2709 673 2761 tua
697 2708 793 2760 eastra
816 2702 887 2760 fere.

182 2798 272 2855 Arma
294 2797 375 2868 prius
398 2798 495 2870 gelida
518 2797 565 2873 (ne
588 2816 634 2855 me
658 2799 822 2871 cent-ernne)
845 2796 898 2854 sub
922 2797 1013 2854 Arete

224 2890 351 2949 Turbine
375 2892 417 2949 sic
439 2893 527 2963 rigidi
549 2892 655 2949 Martis
679 2897 783 2964 agente
807 2893 868 2948 tuli.

153 2986 266 3047 5Nune
288 2987 355 3059 quia
377 3004 435 3059 pan
457 2988 536 3045 faeta
560 2992 613 3056 est,
638 2986 691 3043 tibi
714 2985 822 3044 florida
844 2987 952 3044 serviat
975 2990 1072 3041 aetas:

225 3081 301 3139 Pace
325 3081 422 3138 Venus
445 3082 524 3138 laeta
547 3086 600 3151 est,
625 3082 706 3153 pacis
730 3082 861 3138 alurnnus
884 3081 983 3136 Anrer.

182 3175 230 3233 Sic
253 3193 317 3248 ege,
342 3193 408 3233 eum
430 3181 531 3233 tenere
556 3176 597 3234 sie
621 3177 696 3233 uinta
720 3175 862 3247 Cupidine
885 3178 991 3232 rnater:

225 3271 360 3328 ‘Militiae
382 3271 517 3342 princeps
540 3275 573 3327 tu
594 3270 675 3328 nriiri’
700 3270 773 3327 dixit
798 3270 875 3327 ‘erin

180 3365 248 3422 Non
270 3370 368 3423 tarnen
390 3366 448 3421 hee
470 3365 583 3435 galeam
605 3365 726 3435 bellum,
754 3381 812 3421 non
839 3363 967 3435 postulat
990 3363 1117 3431 hastam,

139 3477 167 3520 10
226 3459 350 3532 Cingere
374 3458 533 3530 sanguineo
556 3459 595 3515 nil
620 3476 691 3531 epus
716 3475 785 3515 ense
808 3458 893 3515 latus.

182 3554 244 3612 Pan
268 3554 332 3623 erit,
358 3559 387 3611 et
409 3553 502 3610 roseis
527 3552 635 3625 degens
659 3553 688 3610 in
712 3550 851 3609 odoribus
875 3568 977 3610 aeruna

225 3647 358 3706 Candida
381 3648 515 3720 perpetui
539 3647 771 3720 temperaturis
794 3645 884 3719 ages.’
