2490 4080
204 235 244 289 84
328 243 380 289 vn.
407 241 517 288 rosus
539 238 742 286 'rancuunms
786 237 922 283 rennues
943 238 1101 287 casumve.

200 443 230 483 25
305 420 456 477 Libertate
479 418 576 490 igitur,
602 415 699 488 quoad
720 414 829 484 licebit,

407 514 545 570 iuvenum
567 518 650 568 utere
674 510 712 567 ad
735 509 871 567 salutem!

356 609 404 666 Sic
427 608 520 680 gloria
543 612 572 663 te
596 605 734 676 faturque
758 605 800 661 sie
823 609 852 661 te

458 701 614 759 Hominum
639 704 803 771 sequentur.

486 1143 660 1201 lenn'n'ns
685 1143 881 1201 CASELIVS.

399 1290 621 1374 Εἱμαρμένη
643 1297 739 1354 vitae
762 1298 976 1357 mortalium.

245 1428 301 1499 Qui
324 1429 412 1485 vitam
436 1426 551 1483 caelebs
575 1426 637 1482 sine
660 1425 741 1496 prule
765 1432 794 1483 ct
818 1428 940 1499 coniuge
964 1428 1054 1500 degit,

242 1523 298 1582 llic
322 1523 399 1580 1111111
423 1522 492 1578 mihi
516 1525 575 1577 stat
599 1520 661 1576 sine
685 1537 754 1577 eura
777 1521 808 1576 in
829 1520 915 1578 litere¹
939 1528 1020 1580 tutus

243 1618 398 1689 Aspicieus
423 1615 518 1687 pelagi
541 1613 646 1671 flnctus
670 1631 815 1686 navesque
839 1621 983 1673 natantes

244 1714 283 1769 nt
307 1712 416 1767 seciam
440 1710 517 1765 vitae
541 1708 624 1766 malis
648 1714 678 1765 et
699 1709 823 1781 pignera
845 1707 933 1767 lecti?

215 1806 402 1865 aCaemlees
426 1804 503 1860 inter
524 1801 630 1860 fluctus
653 1804 763 1859 iactare
787 1821 938 1861 necessum
962 1811 1015 1875 est,

244 1899 319 1970 Quin
343 1900 366 1955 si
390 1898 576 1969 tranquillum
598 1915 678 1954 mare
703 1898 855 1970 sitneque
878 1899 1013 1957 turbidus
1037 1917 1097 1971 aer,

244 1995 278 2051 In
300 2011 351 2065 spe
375 1999 435 2050 tarn
457 1992 568 2064 liquida
590 1993 760 2049 sativissiina
782 2010 912 2065 quaeque
935 1994 1062 2051 timebis.

242 2088 301 2146 Seu
324 2087 392 2159 quia
414 2104 466 2144 rex
489 2104 589 2158 regum
613 2087 725 2155 statuit,
750 2104 806 2158 ilua
829 2088 892 2159 lcge
916 2093 1032 2145 creatus

242 2182 298 2253 sis,
322 2199 444 2255 generes
468 2182 555 2239 alies:
580 2181 647 2237 huic.
671 2181 836 2238 auscultare
860 2182 980 2253 negabis

199 2298 227 2338 111
242 2278 386 2335 Auctari‘?
410 2277 480 2347 Fae,
503 2276 549 2333 fer
571 2293 690 2332 securus
715 2280 814 2332 cetera
837 2294 964 2343 summus

242 2372 322 2442 Quae
345 2371 426 2428 iubet
449 2370 496 2426 ille
518 2376 604 2440 pater
626 2369 724 2427 iacere
748 2376 776 2426 et
799 2370 864 2427 ficri
888 2371 990 2428 urdine
1015 2373 1110 2430 certe!

244 2462 387 2523 Mandat?
415 2463 511 2521 Ades!
541 2464 684 2521 Placitum
712 2462 776 2521 est?
811 2465 912 2522 Vitas!
946 2464 1060 2523 Vocat?
1092 2467 1173 2540 Erga

880 2560 1018 2618 recedas!

634 2685 736 2692 a——-

478 2814 566 2873 Esse
589 2817 692 2886 velis,
718 2835 785 2873 11111
809 2817 889 2874 dici.

348 2952 527 3024 Quicumque
551 2953 617 3011 (liae
640 2954 751 3025 grande
773 2955 890 3012 virtutis
914 2956 995 3027 cupis

263 3116 266 3121 Δ
344 3048 456 3104 Audire
480 3064 585 3104 nomen
609 3053 638 3105 et
659 3048 769 3119 probus
799 3049 856 3105 dici
884 3049 1027 3120 enmibus‚

343 3142 409 3199 Hoc
433 3142 482 3210 sis,
507 3142 584 3214 qued
609 3149 692 3213 aptes
717 3144 860 3201 naminari
884 3144 1010 3202 scilieet:

342 3237 409 3292 Neu
432 3253 516 3292 nemo
540 3235 646 3293 famam
671 3237 791 3294 callidus
814 3238 888 3296 fallit
911 3256 1003 3311 suam,

342 3330 457 3390 Iudicia
480 3330 588 3388 debent
611 3332 756 3404 subsequi,
786 3351 845 3391 nen
867 3334 983 3392 ducere.

582 3553 786 3560 ——---
