2490 4080
257 275 278 320 Ι.
301 275 453 323 GEORGIVS
475 276 582 324 Loevs
627 278 780 325 GEORGIVS
803 278 938 325 SABINVS.

156 453 215 507 Ast
238 468 300 523 ege,
327 469 390 510 cunr
413 459 511 512 tantos
534 472 592 512 non
613 457 723 536 possint
745 455 823 513 ferre
846 456 962 513 dolores

199 545 240 602 Et
263 547 325 602 sine
350 553 377 603 te
402 549 468 620 quia
492 555 558 606 sunt
582 551 679 607 onmia
702 550 809 608 acerba
831 551 910 619 mihi,

115 656 143 697 aa
160 639 230 696 Cum
253 642 376 712 primum
401 659 451 699 ver
472 660 648 715 purpureum
671 644 745 702 bene
769 644 913 702 olentibus
936 644 1035 702 herbis

200 735 343 793 Suavibus
367 742 396 793 et
418 738 518 808 pinget
540 737 647 796 florida
669 745 754 810 prata
777 741 860 808 rosis,
933 754 936 764 ·

157 829 195 885 Et
219 831 322 887 studiis
346 831 472 888 meditor
494 832 637 910 finemque
660 835 810 905 imponere
834 834 910 890 curis

199 924 289 995 Inque
313 930 379 981 tuos
403 927 486 982 velox
510 928 572 998 ipso
595 929 692 985 redire
717 929 804 984 sinus

156 1016 283 1088 Interea,
309 1021 423 1090 quando
449 1022 490 1078 sie
512 1023 601 1093 Impia
623 1022 689 1079 fata
708 1024 844 1092 tulerunt,

201 1111 290 1169 Casta
313 1114 376 1170 vale
400 1121 430 1171 et
451 1117 545 1173 nostri
567 1118 631 1174 rive
654 1118 784 1190 Lycinna
807 1117 930 1174 memor!

498 1362 701 1369 ---————

401 1568 597 1627 GdeRGIVS
621 1568 795 1625 SABINVS.

319 1725 446 1796 Elegia
469 1724 512 1780 ad
535 1724 675 1780 Petrum
698 1722 873 1780 Bemburn.

156 1863 249 1919 Missa
274 1863 431 1919 salutatum
453 1862 546 1934 longis
570 1868 599 1918 te
623 1862 702 1918 venit
724 1861 760 1918 ab
784 1861 842 1918 oris

199 1957 313 2014 Littera
336 1957 477 2014 sermonis
500 1957 610 2029 nuntia,
635 1955 753 2025 Bembe,
777 1956 834 2012 mei

156 2051 241 2120 Hinc,
268 2051 349 2109 ducis
373 2051 498 2108 Arminii
520 2057 634 2109 veteres
658 2050 707 2107 ubi
730 2050 862 2121 possidet
884 2048 972 2106 urbes

198 2144 331 2217 Lataque
355 2147 513 2217 septemvir
534 2147 664 2203 marchio
688 2161 779 2216 regna
801 2149 882 2200 tenet

126 2239 261 2299 aFlavus
285 2246 314 2297 et
338 2257 408 2297 arva
431 2246 511 2297 secat
534 2240 643 2298 Suevus
668 2240 821 2310 densisque
844 2238 989 2309 palustres

199 2334 297 2392 Volvit
320 2335 510 2392 arundinibus
535 2335 638 2392 creber
660 2334 787 2390 Havelus
811 2349 909 2404 aquas.

157 2428 180 2485 Ο
204 2429 314 2485 utinam
337 2429 441 2487 dextro
465 2429 603 2486 Tithonia
626 2429 722 2485 sidere
746 2428 871 2486 coniunx

198 2522 283 2580 Hunc
306 2524 376 2581 mihi
399 2523 514 2582 felicem
536 2523 668 2596 proferat
691 2529 757 2581 orta
781 2523 865 2590 diem,

156 2617 293 2674 Venturis
316 2619 421 2676 Iterum
445 2637 500 2691 quo
524 2625 553 2676 te
576 2619 666 2676 semel
689 2618 830 2689 adloquar
853 2618 936 2674 antris

115 2720 143 2771 io
199 2713 243 2768 Ac
267 2719 318 2770 tua
341 2715 518 2785 conspiciam
541 2715 667 2771 vultibus
691 2730 743 2771 ora
766 2713 847 2781 meis,

155 2806 230 2863 Nam
254 2812 304 2863 tua
327 2809 442 2880 quando
466 2808 535 2864 mihi
558 2809 636 2865 subit
660 2807 793 2865 officiosa
816 2808 948 2864 voluntas

199 2901 401 2959 Immemorem
424 2919 568 2974 nunquam
591 2920 636 2959 me
661 2903 730 2958 sinit
753 2919 817 2958 esse
840 2902 890 2957 tui.

156 2995 205 3052 Me
227 2995 318 3053 fucris
342 3002 449 3068 quanto
475 2999 641 3068 complexus
665 3014 763 3053 amore
786 2995 935 3062 recordor,

198 3089 275 3146 Dum
297 3096 364 3147 tuus
387 3091 417 3147 in
440 3091 542 3147 Patavi
565 3091 716 3148 moenibus
739 3090 845 3161 hospes
870 3106 958 3146 eram.

113 3195 140 3242 15
155 3182 249 3255 Saepe
273 3184 325 3241 sub
351 3184 448 3242 efficta
472 3185 652 3256 contemplor
674 3185 799 3256 Imagine
823 3184 926 3252 ruitae,

200 3278 254 3334 Est
277 3296 379 3336 manus
402 3279 524 3336 artificis
548 3297 618 3352 quos
643 3281 765 3349 imitata,
790 3284 870 3349 tuos3

157 3371 219 3429 Hos
244 3390 297 3445 ego
320 3380 416 3431 mente
441 3375 538 3431 colens
561 3375 712 3446 amplexor
735 3380 766 3431 ut
789 3373 948 3430 Haemonis
972 3373 1040 3430 olim

201 3465 340 3539 Coniugis
364 3467 490 3539 effigiem
512 3468 676 3525 Laodamia
699 3469 752 3537 sui,

157 3559 210 3617 His
235 3578 289 3633 ego
312 3563 454 3633 pallentes
478 3563 602 3620 hederas
625 3561 784 3634 floremque
808 3548 922 3618 marini

113 3672 143 3713 ao
200 3655 288 3713 Roris
314 3662 344 3713 et
367 3674 382 3714 e
405 3658 485 3715 molli
507 3657 632 3715 baccare
656 3663 734 3715 serta
758 3656 831 3714 fero.

1069 268 1095 324 7.
