2490 4080
222 253 241 298 1.
265 251 368 298 BRVNO
391 252 552 297 SEIDELIVS
606 252 761 296 HENRICVS
783 250 933 315 HVSANVS.

239 429 332 485 Vnum
355 430 423 486 vina
446 429 522 486 diem
544 427 676 485 ferentur
699 444 771 484 esse.

241 524 336 581 Invita
359 541 471 596 quoque
495 524 636 581 candidos
660 523 784 592 sodales,

242 621 329 689 Queis
353 619 511 691 adiungere
534 636 579 676 me
602 623 697 689 petes,
720 634 775 674 nec
798 616 907 687 absque

239 715 348 771 Fruetu
371 719 439 771 tunc
461 715 573 770 veniam
598 712 651 769 tibi
674 718 803 770 vocatus.

239 809 283 866 De
306 809 393 865 musti
416 808 549 865 bonitate
572 824 695 879 namque
718 812 846 878 gustans,

240 904 276 961 Ni
299 903 393 972 fallor,
417 904 491 960 bene
514 903 645 959 iudicare
668 919 785 972 pessum

240 1000 285 1055 Ac
307 1004 405 1070 partes
430 1015 483 1069 ego
506 999 581 1054 valis
604 997 672 1054 inde
695 1012 819 1064 sumens,

240 1093 345 1162 Quales
370 1095 428 1149 sint
449 1093 552 1149 hiemis
575 1093 653 1149 vices
674 1091 790 1148 futurae

238 1189 351 1256 Dicam,
375 1189 504 1259 pectoris
528 1203 595 1244 ussa
618 1204 682 1244 eum
705 1186 819 1253 videbo,

240 1282 329 1352 Quae,
355 1282 423 1338 dum
446 1282 527 1349 viril,
553 1281 648 1338 adhuc
671 1279 799 1337 habebat
822 1295 917 1335 anser.

240 1377 322 1434 Haec
345 1382 442 1433 autem
464 1375 599 1432 facienda
622 1375 646 1430 si
670 1373 795 1444 putabis,

240 1472 301 1528 Fac
324 1490 377 1540 mc,
404 1473 428 1528 si
450 1476 544 1542 potes,
570 1486 631 1537 uro,
657 1469 819 1526 certiorem.

376 1872 575 1931 HENRICVS
599 1873 787 1930 HVSANVS.

97 2018 292 2091 Elegidien
315 2018 357 2075 ad
372 2019 662 2076 Bartolornaeum
679 2018 848 2076 Gordium
865 2016 1069 2075 Cadurcum.

139 2140 274 2197 Diximus
298 2141 328 2196 in
351 2141 454 2198 mediis
478 2140 692 2197 salamandram
715 2141 812 2196 vivere
835 2138 968 2208 flammis

182 2236 223 2292 At
245 2235 299 2291 tibi
323 2252 369 2292 res
394 2236 471 2292 urnui
494 2236 557 2291 visa
581 2243 681 2291 carcre
704 2233 775 2304 fidc;

139 2330 249 2388 Desine
272 2331 373 2387 mirari
396 2329 473 2401 quod
496 2330 629 2397 diximus,
655 2329 763 2400 optime
788 2327 887 2396 Gcrdi,

182 2425 248 2482 Hoc
270 2431 353 2481 vetus
378 2431 430 2494 est,
456 2425 534 2481 aliud
557 2441 633 2480 nunc
656 2424 710 2480 libi
733 2423 799 2480 dico
822 2440 936 2480 nevum.
1024 2406 1027 2411 ¹

111 2519 235 2579 allcrde
264 2525 383 2590 recepta
405 2535 469 2576 meo
494 2524 538 2575 est
561 2519 719 2590 haeretque
743 2517 832 2575 infixa
854 2517 988 2574 medullis

182 2614 236 2670 Illa
258 2613 396 2685 puellaris
419 2614 468 2670 lux
491 2613 649 2671 Theodora
672 2614 762 2671 chori.

142 2709 200 2765 Cur
221 2707 346 2765 flammis
369 2708 463 2777 ardet,
487 2707 639 2780 liquefiunt
662 2709 728 2781 igne
752 2710 903 2777 medullae,

182 2804 215 2859 lu
238 2804 335 2860 medio
359 2803 450 2875 glacie
475 2803 577 2859 durior
598 2804 648 2860 illa
671 2804 763 2860 sedet.

139 2900 166 2954 A
189 2899 322 2970 quotiens
345 2898 403 2954 ime
427 2898 551 2968 gemitus
575 2917 590 2954 c
614 2904 732 2969 pectore
756 2898 840 2965 duce,

101 3011 125 3051 m
182 2993 322 3051 Absentis
345 2992 450 3050 faciem
474 3010 538 3049 cum
561 2993 631 3048 mihi
654 2991 738 3064 fingit
760 2992 855 3048 amur!

141 3087 233 3157 (luam
255 3088 326 3145 mihi
350 3105 401 3145 eur
422 3087 515 3158 plenis
539 3087 665 3158 suspiria
687 3085 803 3143 follibus
827 3085 947 3155 adflanl,

137 3170 141 3179 ’
182 3183 265 3240 Vnde
289 3199 369 3239 meus
392 3180 524 3238 flammas
548 3181 652 3238 fortius
676 3182 765 3238 arder
788 3181 853 3238 alit!

141 3279 184 3335 Ac
208 3278 286 3334 velut
308 3277 465 3334 herbarum
489 3282 572 3333 tener
594 3276 661 3348 igne
684 3277 840 3333 resolvitur
862 3277 968 3332 lnunor

184 3372 329 3444 Guttaquc
353 3372 485 3428 subiecto
509 3372 600 3428 stillat
623 3371 716 3428 odera
738 3371 815 3439 fuce,

98 3484 126 3526 15
140 3467 207 3523 Nun
230 3467 317 3523 aliter
340 3467 421 3523 cordi
445 3467 492 3538 qui
517 3466 758 3523 circumfunditur
780 3466 891 3534 humor,

182 3560 244 3630 Quo
269 3561 345 3632 rigat
368 3561 489 3618 ardores
514 3578 565 3616 cnr
588 3561 669 3632 quasi
693 3577 760 3618 rere
784 3578 860 3628 suos,

141 3655 302 3726 Perpetuus
326 3656 405 3713 velut
428 3673 442 3712 e
468 3655 564 3713 calida
585 3654 709 3714 fornace
730 3672 863 3727 raqurus
