2490 4080
135 269 166 316 11.
189 268 396 314 snansrmnvs
411 268 621 314 sonnnrnavs.
651 269 827 317 quHAnnvs
842 273 968 321 laetvs,
1013 267 1052 324 47

202 444 270 501 Cur
296 446 438 516 puellae
467 445 647 516 aspiciant
674 446 932 508 adulescentes.

125 574 159 630 In
181 575 292 632 iuvenis
315 575 395 632 vultu
418 579 536 632 teneros
558 574 668 647 figebat
692 577 799 634 ocellos

167 669 256 740 Virgo
281 669 459 726 verecundas
484 669 575 726 tincta
598 669 705 727 rubore
729 687 827 743 genas.

127 764 192 821 Ille:
218 763 393 820 ‘Puellarum
415 780 473 820 non
497 763 538 820 sic
562 764 675 835 agitata
697 771 839 837 vagentur

168 858 305 930 Lumiua3
330 858 398 930 quin
420 857 527 915 herbas
550 856 723 915 intuearisl’
747 860 801 916 ait

97 953 214 1012 alanno
237 953 364 1024 nympha
385 951 491 1010 refert:
522 953 650 1009 ‘Terram
673 958 724 1010 tua
745 956 854 1026 pupula
877 964 998 1031 spectet,

169 1048 275 1104 Vestra
297 1047 378 1103 rudis
400 1047 525 1118 primum
547 1064 614 1104 nam
639 1064 706 1105 earo
731 1054 810 1107 terra
832 1050 896 1108 fuit.

128 1142 259 1215 Corpora
281 1141 436 1198 luminibus
459 1141 598 1198 iuvenilia
621 1159 761 1214 quaerere
784 1150 914 1202 nostrum
938 1155 991 1219 est,

168 1237 243 1293 Nam
266 1235 345 1292 Deus
369 1253 384 1293 e
407 1236 518 1292 iuvenis
543 1253 666 1307 corpore
690 1238 780 1294 traxit
802 1239 915 1296 Evam)
978 1257 980 1261 ·

358 1686 589 1744 MIOHAELVS
617 1688 779 1746 ABELVS.

375 1858 564 1916 Guilielmo
589 1860 766 1919 Hildenio.

280 1987 355 2044 Dum
379 1987 528 2044 dissolutis
552 1987 652 2060 Syrius
676 1989 804 2046 aestibus

280 2084 376 2153 Agros
399 2082 509 2139 hiulcat
532 2083 645 2154 iamque
668 2084 825 2154 vaporibus

331 2177 460 2249 lgnescit
483 2176 585 2233 aether
608 2176 735 2234 efferatis

331 2271 372 2328 Et
395 2270 510 2328 Cereris
533 2270 630 2328 vibrat
652 2287 733 2328 arma
758 2288 878 2342 messor,

280 2450 373 2508 Divae
397 2451 523 2524 quietem
547 2450 679 2508 Pierides
703 2452 762 2508 suis

279 2545 395 2602 Laxant
417 2545 539 2603 alumnis
563 2551 593 2602 et
615 2544 701 2602 modo
725 2546 848 2604 vallibus

331 2640 417 2712 Ipsae
441 2640 493 2697 sub
517 2640 582 2696 imis
606 2639 789 2710 delitescunt,

332 2734 497 2806 Frigidulas
521 2738 680 2805 sequuntur
703 2750 798 2791 auras,

280 2914 319 2970 At
342 2931 400 2970 non
422 2913 555 2985 voluptas
578 2913 745 2970 Hildenium
768 2913 849 2970 iuuat

280 3009 368 3075 Tabe,
394 3007 507 3079 Cupido
531 3009 578 3065 cui
600 3007 664 3065 face
688 3008 802 3066 torrida

332 3102 413 3159 Intus
436 3119 591 3174 pererrans
615 3108 703 3174 auget
726 3107 824 3160 aestus

330 3197 469 3254 Aestibus
493 3197 712 3269 accumulatque
734 3196 889 3254 flammam.

280 3377 488 3446 Subtilitatum‚
514 3392 584 3449 quas
608 3382 715 3433 acuunt
738 3376 830 3448 sophi,

280 3471 407 3529 Sublime
429 3471 525 3528 nentis
549 3470 686 3528 Pallados
709 3471 860 3529 immemor

83 3585 110 3626 15
331 3566 370 3621 Vt
392 3566 503 3622 arbiter
526 3565 622 3622 divum
646 3565 698 3621 suh
721 3565 775 3622 Ida

332 3661 390 3718 Dat
412 3660 520 3720 Veneri
542 3676 696 3735 pueroque
716 3661 860 3734 palmam.
