2490 4080
391 262 398 273 ²
480 244 520 290 vl.
547 244 701 290 GEOBGIVS
724 242 896 289 ainamma.

475 505 675 565 GEORGIVS
698 503 916 562 FABRICIVS.

650 650 732 707 Oda.

203 779 296 848 Quid
310 780 412 836 alien
426 779 1012 852 anaim-petatquidrepetendum
1027 788 1191 839 censeat.

359 909 434 977 Quid
458 926 528 965 arua
551 916 618 965 sunt
643 908 798 966 Calabriae
821 908 938 977 feracis,

410 1004 485 1072 Quiri
509 1003 606 1074 Hybla
629 1004 733 1075 quidve
758 1003 924 1075 Hymetius,

357 1098 432 1165 eriri
451 1104 501 1167 ‚cst
523 1098 588 1155 Eua
612 1099 731 1166 concha,
755 1097 825 1171 quid
847 1097 954 1156 Sabaei

410 1193 508 1249 (blera
533 1194 613 1265 virga
636 1195 719 1262 iuris,

361 1286 436 1354 Quiri
460 1304 564 1345 aureas
588 1305 676 1359 agens
700 1288 827 1345 Hiberus
850 1287 953 1356 undas,

409 1380 485 1448 Quid
508 1387 553 1437 est
577 1381 712 1439 Phraatis
735 1382 810 1451 aula,

360 1473 394 1529 Vi
419 1492 436 1531 a
457 1475 521 1532 Dee
545 1476 603 1532 ista
625 1475 754 1543 flaaitmn
778 1476 910 1543 rorando

409 1568 447 1625 nt
470 1570 605 1640 impleam
628 1577 709 1627 astra
730 1568 828 1628 retis?

358 1664 469 1729 Aarmn
492 1670 594 1721 metas.
620 1666 665 1721 cui
688 1666 768 1722 Deus
792 1663 960 1722 metendum

411 1757 509 1826 Dedit,
533 1759 670 1831 legasque
693 1760 788 1827 mella,

361 1851 407 1907 Arl
431 1851 567 1909 Herculis
590 1855 700 1910 lucrum
723 1859 827 1925 petens
852 1854 1000 1910 columnas

411 1945 479 2003 Sele
503 1948 632 2019 marique
657 1965 766 2017 curras,

359 2040 396 2096 Vt
420 2042 548 2099 ambules
573 2043 696 2099 (lecuras
721 2048 801 2100 estre
826 2048 855 2100 et
879 2059 960 2111 auru,

408 2136 499 2193 Manu
521 2142 553 2194 ut
575 2141 695 2208 petente
718 2143 866 2209 sceptrum

362 2230 454 2287 Geras
477 2231 618 2303 bibasque
641 2232 779 2303 gemmeis
803 2232 970 2299 Falernum,

410 2327 473 2397 Age
498 2326 642 2397 inquietus
666 2327 782 2383 aevum!

358 2419 403 2476 Sit
424 2421 563 2477 innocens
588 2421 658 2476 milri
681 2422 831 2493 latensque
856 2421 925 2491 viia,

408 2514 477 2571 ben
500 2515 593 2571 inscia
616 2521 645 2572 et
668 2516 791 2585 timeris

357 2608 452 2665 Beata
475 2609 566 2680 celriis
591 2610 650 2666 suis
673 2610 795 2667 honeste

413 2703 453 2759 Et
475 2703 584 2776 absque
607 2703 711 2761 fraude
733 2705 839 2775 partim

359 2797 398 2854 Et
421 2802 453 2854 ut
475 2798 626 2855 laboribus
650 2816 751 2870 queam
776 2799 909 2870 datisque

410 2893 543 2965 Negotiis
568 2910 714 2964 praeesse,

357 2987 435 3045 Lucs
457 2989 581 3045 molesia
605 2989 793 3060 cernensque
817 2988 897 3059 longi

409 3083 486 3140 Eani
510 3083 612 3153 procul
636 3082 761 3140 delores.

362 3177 451 3245 Quies
475 3194 557 3233 miae
581 3177 741 3248 modusque
765 3178 804 3234 sit
828 3180 964 3233 senectae

410 3270 495 3327 Laris
520 3271 623 3327 demus
646 3272 770 3342 paterni.

359 3366 477 3422 Amicus
503 3365 571 3421 inde
595 3367 633 3422 sit
655 3366 749 3423 fidelis
773 3384 846 3423 unus

409 3460 448 3516 nt
472 3460 547 3516 aber
569 3460 599 3517 in
622 3461 750 3518 secunda

358 3555 495 3627 Malaquc
519 3572 549 3612 re
574 3561 667 3612 stains
691 3556 823 3612 levamen
847 3554 949 3611 amnis.

190 3670 222 3709 aa
406 3649 484 3709 Nive
509 3649 656 3709 albicante
677 3649 777 3708 irenae
