2490 4080
601 765 650 821 IV.

369 901 590 961 IOACHIMVS
615 901 882 961 CAMERARIVS.

136 1058 262 1131 Elegia
284 1057 527 1129 hodoeporica
550 1063 584 1114 ot
607 1057 802 1116 encomium
824 1057 984 1117 rusticae
1005 1058 1113 1118 uitae.

180 1195 267 1253 Clara
288 1195 462 1253 tenebrosae
485 1195 632 1266 pelluntur
654 1195 753 1253 sidera
775 1195 878 1265 noctis,

221 1289 340 1348 Lucifer
362 1290 426 1347 Eoo
450 1307 534 1362 quem
557 1289 637 1348 vehit
659 1307 723 1361 axe,
747 1290 804 1347 die.

179 1385 263 1443 Nune
286 1386 324 1443 ad
347 1403 419 1456 opus
442 1386 521 1442 molli
545 1386 581 1443 dc
605 1401 716 1455 somno,
740 1385 859 1453 rustice,
883 1385 978 1458 surgis

221 1481 339 1553 Dasque
362 1481 460 1552 operis
483 1481 564 1539 socio
588 1479 696 1552 pabule
717 1485 803 1553 grate
825 1479 906 1553 bovi3

150 1575 263 1635 eNunc
286 1581 422 1647 repetunt
443 1576 525 1633 lenas
549 1582 579 1632 et
600 1575 712 1632 tradita
733 1592 826 1647 pensu
847 1575 1009 1647 ministrae,

222 1671 306 1728 Nunc
330 1687 434 1742 eorpus
458 1675 582 1727 stratum
604 1670 704 1728 navita
727 1670 804 1728 tollit
825 1670 914 1727 humi.

179 1766 229 1822 Me
253 1782 365 1838 quoquc
388 1765 460 1822 lucis
484 1765 545 1823 uvis
568 1766 744 1838 praenuntia
768 1765 891 1822 suscitat
912 1765 991 1824 intra

222 1860 314 1917 Tecto
337 1865 516 1932 soporatum,
540 1877 611 1933 gens
635 1859 739 1930 aliena,
764 1866 823 1917 tua.

181 1953 240 2011 Cur
261 1953 341 2027 fugio
365 1971 382 2011 a
406 1954 524 2012 demens
547 1961 598 2012 aut
622 1971 673 2011 eur
694 1972 740 2012 me
764 1955 893 2013 crastina
915 1955 984 2013 luna

138 2069 165 2110 10
222 2049 351 2122 Longius
374 2066 392 2107 a
413 2051 510 2121 patrio
535 2055 635 2107 cernet
657 2048 761 2107 abesse
784 2047 867 2107 solo?

179 2144 310 2216 Namque
335 2161 388 2217 ego
411 2145 520 2216 piscosi
543 2144 667 2201 traiecto
690 2142 807 2201 flumine
830 2143 932 2201 Moeni

222 2238 279 2297 Hic
301 2240 351 2297 ubi
374 2239 524 2310 Regncsas
547 2256 606 2295 non
628 2239 730 2309 procul
753 2238 852 2295 haurit
874 2255 974 2312 aquas

181 2335 337 2392 Heroinine
361 2334 474 2391 nivibus
498 2333 633 2404 superavi
657 2349 729 2390 saxa
752 2333 854 2389 solutis

223 2429 272 2498 Et,
297 2429 373 2497 Sale,
398 2429 456 2484 iam
478 2433 583 2499 pontes
605 2428 713 2499 pallide
737 2444 846 2500 quaero
868 2431 944 2484 tuos.

137 2541 165 2582 ro
181 2522 256 2592 Quid
279 2540 437 2580 memorem
460 2539 631 2595 erroresque
654 2539 745 2594 vagos
769 2527 799 2579 ct
821 2521 898 2580 mille
920 2521 1041 2594 pericla,

222 2618 289 2675 Non
312 2617 496 2689 exploratum
519 2618 587 2675 dum
609 2616 782 2689 proficiscor
803 2614 881 2674 iter?

179 2712 237 2770 Sed
260 2718 358 2771 temen
382 2718 412 2770 et
433 2730 523 2785 pergo
547 2718 584 2782 ct,
610 2712 686 2782 Salo,
711 2717 741 2769 te
764 2716 832 2784 post
854 2716 939 2784 terge
960 2712 1066 2771 relicto
1100 2751 1103 2755 .

223 2809 342 2882 Iamque
365 2814 415 2866 tuo
439 2809 565 2881 gravior,
591 2813 671 2864 terre
693 2807 850 2878 Thuringa‚
874 2807 945 2864 luto.

180 2904 252 2961 Mox
274 2904 393 2962 tendam
417 2904 527 2961 Meisos
550 2901 773 2960 festinabundus
797 2901 827 2957 in
849 2917 945 2974 agros,

135 3018 165 3060 no
223 2999 294 3069 Qua,
319 2999 403 3070 Lepi,
429 2998 481 3055 sub
505 2998 611 3055 Martis
636 2995 758 3054 confluis
782 3013 849 3053 erce
873 2995 971 3067 Salam

180 3094 252 3151 Inde
277 3094 327 3150 citi
349 3093 408 3149 iem
430 3091 571 3150 boifluum
594 3092 741 3149 veniemus
765 3091 803 3148 ad
826 3089 933 3159 Albim,

220 3188 336 3245 Forsan
358 3193 388 3244 et
409 3187 457 3243 hie
480 3193 580 3244 noster
602 3204 661 3244 non
682 3186 847 3257 rcquiescet
870 3202 969 3257 equus.

180 3283 281 3340 Indico
304 3299 349 3339 mc
373 3298 442 3339 vera
466 3286 511 3338 est
533 3285 585 3338 tua
607 3281 693 3338 docte
718 3279 836 3352 querela
858 3279 1004 3351 Properti,

221 3376 312 3447 Naso,
337 3393 407 3434 vero
430 3380 481 3433 tua
504 3381 558 3443 cst,
583 3392 661 3445 vera,
686 3374 808 3442 Tibulle,
833 3378 893 3431 tua.

134 3473 205 3533 usn
228 3472 340 3529 utinam
361 3472 470 3543 primus
494 3471 679 3544 peregrinam
702 3470 750 3542 qui
772 3468 848 3525 bibit
870 3468 978 3525 undam

221 3566 353 3624 Externo
376 3566 466 3623 vitam
488 3566 607 3639 liquerit
629 3582 713 3623 amne
738 3563 833 3621 suam!
