<?xml version="1.0" encoding="UTF-8"?>
<!DOCTYPE html PUBLIC "-//W3C//DTD XHTML 1.0 Transitional//EN"
    "http://www.w3.org/TR/xhtml1/DTD/xhtml1-transitional.dtd">
<html xmlns="http://www.w3.org/1999/xhtml" xml:lang="en" lang="en">
 <head>
  <title>
</title>
<meta http-equiv="Content-Type" content="text/html;charset=utf-8" />
  <meta name='ocr-system' content='tesseract 3.04.00' />
  <meta name='ocr-capabilities' content='ocr_page ocr_carea ocr_par ocr_line ocrx_word'/>
</head>
<body>
  <div class='ocr_page' id='page_1' title='image "./deutschelyriker00elligoog_0161.png"; bbox 0 0 2490 4080; ppageno 0'>
   <div class='ocr_carea' id='block_1_1' title="bbox 435 156 788 224">
    <p class='ocr_par' dir='ltr' id='par_1_1' title="bbox 435 156 788 224">
     <span class='ocr_line' id='line_1_1' title="bbox 435 156 788 224; baseline -0.006 -2"><span class='ocrx_word' id='word_1_1' title='bbox 435 177 477 224; x_wconf 83' lang='grc'><strong>111.</strong></span> <span class='ocrx_word' id='word_1_2' title='bbox 506 156 635 223; x_wconf 68' lang='lat' dir='ltr'>nuauvs‘</span> <span class='ocrx_word' id='word_1_3' title='bbox 652 176 788 221; x_wconf 69' lang='lat' dir='ltr'>sinonis,</span> 
     </span>
    </p>
   </div>
   <div class='ocr_carea' id='block_1_2' title="bbox 127 354 1093 3265">
    <p class='ocr_par' dir='ltr' id='par_1_2' title="bbox 127 354 1093 3265">
     <span class='ocr_line' id='line_1_2' title="bbox 217 354 845 428; baseline -0.006 -14"><span class='ocrx_word' id='word_1_4' title='bbox 217 355 394 428; x_wconf 77' lang='lat' dir='ltr'>sidereaque</span> <span class='ocrx_word' id='word_1_5' title='bbox 418 356 478 428; x_wconf 93' lang='lat' dir='ltr'>poli</span> <span class='ocrx_word' id='word_1_6' title='bbox 501 355 578 412; x_wconf 88' lang='lat' dir='ltr'>ridet</span> <span class='ocrx_word' id='word_1_7' title='bbox 599 355 630 411; x_wconf 93' lang='lat' dir='ltr'>in</span> <span class='ocrx_word' id='word_1_8' title='bbox 652 371 719 412; x_wconf 90' lang='lat' dir='ltr'>aree</span> <span class='ocrx_word' id='word_1_9' title='bbox 742 354 845 412; x_wconf 89' lang='lat' dir='ltr'>Deum.</span> 
     </span>
     <span class='ocr_line' id='line_1_3' title="bbox 176 449 948 523; baseline -0.003 -15"><span class='ocrx_word' id='word_1_10' title='bbox 176 449 319 509; x_wconf 80' lang='lat' dir='ltr'>Chusidas</span> <span class='ocrx_word' id='word_1_11' title='bbox 341 450 468 523; x_wconf 80' lang='lat' dir='ltr'>rquuos</span> <span class='ocrx_word' id='word_1_12' title='bbox 491 450 572 507; x_wconf 92' lang='lat' dir='ltr'>iuvat</span> <span class='ocrx_word' id='word_1_13' title='bbox 594 465 658 506; x_wconf 89' lang='lat' dir='ltr'>osse</span> <span class='ocrx_word' id='word_1_14' title='bbox 681 449 818 521; x_wconf 79' lang='lat' dir='ltr'>indagine</span> <span class='ocrx_word' id='word_1_15' title='bbox 843 449 948 506; x_wconf 72' lang='lat' dir='ltr'>clausis</span> 
     </span>
     <span class='ocr_line' id='line_1_4' title="bbox 218 542 805 615; baseline 0 -13"><span class='ocrx_word' id='word_1_16' title='bbox 218 543 344 603; x_wconf 81' lang='lat' dir='ltr'>Saltibus</span> <span class='ocrx_word' id='word_1_17' title='bbox 368 549 398 601; x_wconf 89' lang='lat' dir='ltr'>et</span> <span class='ocrx_word' id='word_1_18' title='bbox 420 560 522 602; x_wconf 89' lang='lat' dir='ltr'>saevas</span> <span class='ocrx_word' id='word_1_19' title='bbox 545 544 694 615; x_wconf 83' lang='lat' dir='ltr'>exagitare</span> <span class='ocrx_word' id='word_1_20' title='bbox 718 542 805 608; x_wconf 77' lang='lat' dir='ltr'>feras,</span> 
     </span>
     <span class='ocr_line' id='line_1_5' title="bbox 176 637 940 712; baseline -0.003 -15"><span class='ocrx_word' id='word_1_21' title='bbox 176 639 238 698; x_wconf 81' lang='lat' dir='ltr'>Nee</span> <span class='ocrx_word' id='word_1_22' title='bbox 260 639 344 698; x_wconf 88' lang='lat' dir='ltr'>divae</span> <span class='ocrx_word' id='word_1_23' title='bbox 366 640 452 710; x_wconf 86' lang='lat' dir='ltr'>pauci</span> <span class='ocrx_word' id='word_1_24' title='bbox 475 638 604 710; x_wconf 82' lang='lat' dir='ltr'>Paphiae</span> <span class='ocrx_word' id='word_1_25' title='bbox 627 637 804 712; x_wconf 83' lang='lat' dir='ltr'>Bromioque</span> <span class='ocrx_word' id='word_1_26' title='bbox 828 639 940 696; x_wconf 90' lang='lat' dir='ltr'>litando</span> 
     </span>
     <span class='ocr_line' id='line_1_6' title="bbox 127 733 804 806; baseline -0.01 -11"><span class='ocrx_word' id='word_1_27' title='bbox 127 791 129 795; x_wconf 76' lang='grc'>,</span> <span class='ocrx_word' id='word_1_28' title='bbox 219 733 288 792; x_wconf 91' lang='lat' dir='ltr'>Otia</span> <span class='ocrx_word' id='word_1_29' title='bbox 310 739 401 806; x_wconf 84' lang='lat' dir='ltr'>agunt</span> <span class='ocrx_word' id='word_1_30' title='bbox 423 733 530 805; x_wconf 91' lang='lat' dir='ltr'>populo</span> <span class='ocrx_word' id='word_1_31' title='bbox 553 733 719 805; x_wconf 81' lang='lat' dir='ltr'>perniciosa</span> <span class='ocrx_word' id='word_1_32' title='bbox 743 749 804 790; x_wconf 92' lang='lat' dir='ltr'>suo.</span> 
     </span>
     <span class='ocr_line' id='line_1_7' title="bbox 175 826 1017 900; baseline -0.001 -14"><span class='ocrx_word' id='word_1_33' title='bbox 175 829 250 887; x_wconf 88' lang='lat' dir='ltr'>Nam</span> <span class='ocrx_word' id='word_1_34' title='bbox 271 829 295 885; x_wconf 90' lang='lat' dir='ltr'>si</span> <span class='ocrx_word' id='word_1_35' title='bbox 318 828 395 886; x_wconf 90' lang='lat' dir='ltr'>bella</span> <span class='ocrx_word' id='word_1_36' title='bbox 417 828 542 899; x_wconf 87' lang='lat' dir='ltr'>placent,</span> <span class='ocrx_word' id='word_1_37' title='bbox 566 845 624 884; x_wconf 93' lang='lat' dir='ltr'>non</span> <span class='ocrx_word' id='word_1_38' title='bbox 647 826 853 900; x_wconf 86' lang='lat' dir='ltr'>Scanderbega</span> <span class='ocrx_word' id='word_1_39' title='bbox 877 826 1017 885; x_wconf 86' lang='lat' dir='ltr'>Getarum</span> 
     </span>
     <span class='ocr_line' id='line_1_8' title="bbox 218 922 815 995; baseline -0.005 -14"><span class='ocrx_word' id='word_1_40' title='bbox 218 923 252 981; x_wconf 92' lang='lat' dir='ltr'>In</span> <span class='ocrx_word' id='word_1_41' title='bbox 274 922 397 995; x_wconf 87' lang='lat' dir='ltr'>populos</span> <span class='ocrx_word' id='word_1_42' title='bbox 421 922 477 979; x_wconf 94' lang='lat' dir='ltr'>illis</span> <span class='ocrx_word' id='word_1_43' title='bbox 501 922 596 978; x_wconf 91' lang='lat' dir='ltr'>induit</span> <span class='ocrx_word' id='word_1_44' title='bbox 618 938 699 979; x_wconf 90' lang='lat' dir='ltr'>arma</span> <span class='ocrx_word' id='word_1_45' title='bbox 722 922 815 990; x_wconf 91' lang='lat' dir='ltr'>dolor,</span> 
     </span>
     <span class='ocr_line' id='line_1_9' title="bbox 175 1015 841 1075; baseline -0.002 0"><span class='ocrx_word' id='word_1_46' title='bbox 175 1019 210 1075; x_wconf 95' lang='lat' dir='ltr'>In</span> <span class='ocrx_word' id='word_1_47' title='bbox 231 1018 326 1075; x_wconf 81' lang='lat' dir='ltr'>socias</span> <span class='ocrx_word' id='word_1_48' title='bbox 349 1016 437 1075; x_wconf 89' lang='lat' dir='ltr'>urbes</span> <span class='ocrx_word' id='word_1_49' title='bbox 460 1015 569 1074; x_wconf 89' lang='lat' dir='ltr'>ferrum</span> <span class='ocrx_word' id='word_1_50' title='bbox 592 1017 714 1074; x_wconf 88' lang='lat' dir='ltr'>vertisse</span> <span class='ocrx_word' id='word_1_51' title='bbox 738 1034 841 1074; x_wconf 90' lang='lat' dir='ltr'>eruore</span> 
     </span>
     <span class='ocr_line' id='line_1_10' title="bbox 218 1110 900 1183; baseline -0.001 -14"><span class='ocrx_word' id='word_1_52' title='bbox 218 1111 258 1169; x_wconf 85' lang='lat' dir='ltr'>Et</span> <span class='ocrx_word' id='word_1_53' title='bbox 281 1112 317 1169; x_wconf 86' lang='lat' dir='ltr'>de</span> <span class='ocrx_word' id='word_1_54' title='bbox 341 1110 540 1169; x_wconf 71' lang='lat' dir='ltr'>christiadum</span> <span class='ocrx_word' id='word_1_55' title='bbox 562 1111 672 1183; x_wconf 88' lang='lat' dir='ltr'>praeda</span> <span class='ocrx_word' id='word_1_56' title='bbox 695 1112 788 1183; x_wconf 89' lang='lat' dir='ltr'>petita</span> <span class='ocrx_word' id='word_1_57' title='bbox 811 1112 900 1170; x_wconf 89' lang='lat' dir='ltr'>iuvat.</span> 
     </span>
     <span class='ocr_line' id='line_1_11' title="bbox 134 1206 909 1281; baseline -0.004 -14"><span class='ocrx_word' id='word_1_58' title='bbox 134 1225 165 1267; x_wconf 73' lang='lat' dir='ltr'>aa</span> <span class='ocrx_word' id='word_1_59' title='bbox 178 1206 329 1281; x_wconf 86' lang='lat' dir='ltr'>Indomito</span> <span class='ocrx_word' id='word_1_60' title='bbox 347 1206 458 1279; x_wconf 84' lang='lat' dir='ltr'>rigidos</span> <span class='ocrx_word' id='word_1_61' title='bbox 482 1206 568 1264; x_wconf 89' lang='lat' dir='ltr'>lentis</span> <span class='ocrx_word' id='word_1_62' title='bbox 591 1211 624 1263; x_wconf 91' lang='lat' dir='ltr'>ut</span> <span class='ocrx_word' id='word_1_63' title='bbox 645 1211 755 1278; x_wconf 80' lang='lat' dir='ltr'>pugnat</span> <span class='ocrx_word' id='word_1_64' title='bbox 777 1207 909 1276; x_wconf 86' lang='lat' dir='ltr'>habenis,</span> 
     </span>
     <span class='ocr_line' id='line_1_12' title="bbox 221 1299 935 1374; baseline -0.001 -15"><span class='ocrx_word' id='word_1_65' title='bbox 221 1301 276 1371; x_wconf 78' lang='lat' dir='ltr'>Qui</span> <span class='ocrx_word' id='word_1_66' title='bbox 298 1300 427 1359; x_wconf 90' lang='lat' dir='ltr'>nondum</span> <span class='ocrx_word' id='word_1_67' title='bbox 449 1299 547 1358; x_wconf 89' lang='lat' dir='ltr'>frenos</span> <span class='ocrx_word' id='word_1_68' title='bbox 572 1317 622 1358; x_wconf 90' lang='lat' dir='ltr'>ore</span> <span class='ocrx_word' id='word_1_69' title='bbox 645 1300 811 1369; x_wconf 77' lang='lat' dir='ltr'>momordit,</span> <span class='ocrx_word' id='word_1_70' title='bbox 836 1318 935 1374; x_wconf 85' lang='lat' dir='ltr'>equus,</span> 
     </span>
     <span class='ocr_line' id='line_1_13' title="bbox 180 1394 861 1468; baseline 0.001 -16"><span class='ocrx_word' id='word_1_71' title='bbox 180 1395 227 1453; x_wconf 81' lang='lat' dir='ltr'>Sic</span> <span class='ocrx_word' id='word_1_72' title='bbox 249 1395 350 1468; x_wconf 86' lang='lat' dir='ltr'>vulgus</span> <span class='ocrx_word' id='word_1_73' title='bbox 374 1396 469 1467; x_wconf 84' lang='lat' dir='ltr'>legum</span> <span class='ocrx_word' id='word_1_74' title='bbox 492 1394 593 1452; x_wconf 88' lang='lat' dir='ltr'>vinclis</span> <span class='ocrx_word' id='word_1_75' title='bbox 615 1411 719 1466; x_wconf 85' lang='lat' dir='ltr'>parere</span> <span class='ocrx_word' id='word_1_76' title='bbox 742 1402 861 1453; x_wconf 80' lang='lat' dir='ltr'>recusat</span> 
     </span>
     <span class='ocr_line' id='line_1_14' title="bbox 190 1480 897 1563; baseline -0.006 -14"><span class='ocrx_word' id='word_1_77' title='bbox 190 1480 192 1484; x_wconf 6' lang='grc' dir='ltr'>ἱ</span> <span class='ocrx_word' id='word_1_78' title='bbox 220 1489 356 1563; x_wconf 82' lang='lat' dir='ltr'>Quaeque</span> <span class='ocrx_word' id='word_1_79' title='bbox 380 1489 437 1546; x_wconf 89' lang='lat' dir='ltr'>sibi</span> <span class='ocrx_word' id='word_1_80' title='bbox 458 1489 543 1547; x_wconf 81' lang='lat' dir='ltr'>hbuit</span> <span class='ocrx_word' id='word_1_81' title='bbox 567 1495 670 1546; x_wconf 82' lang='lat' dir='ltr'>auriota</span> <span class='ocrx_word' id='word_1_82' title='bbox 692 1489 781 1547; x_wconf 87' lang='lat' dir='ltr'>lieero</span> <span class='ocrx_word' id='word_1_83' title='bbox 804 1497 897 1562; x_wconf 90' lang='lat' dir='ltr'>putat.</span> 
     </span>
     <span class='ocr_line' id='line_1_15' title="bbox 178 1583 975 1657; baseline 0.005 -16"><span class='ocrx_word' id='word_1_84' title='bbox 178 1585 295 1657; x_wconf 88' lang='lat' dir='ltr'>Iamque</span> <span class='ocrx_word' id='word_1_85' title='bbox 318 1583 392 1642; x_wconf 89' lang='lat' dir='ltr'>adeo</span> <span class='ocrx_word' id='word_1_86' title='bbox 416 1583 505 1641; x_wconf 92' lang='lat' dir='ltr'>rediit</span> <span class='ocrx_word' id='word_1_87' title='bbox 527 1600 631 1655; x_wconf 82' lang='lat' dir='ltr'>magno</span> <span class='ocrx_word' id='word_1_88' title='bbox 654 1591 813 1642; x_wconf 83' lang='lat' dir='ltr'>renovante</span> <span class='ocrx_word' id='word_1_89' title='bbox 836 1585 975 1656; x_wconf 89' lang='lat' dir='ltr'>Luthero,</span> 
     </span>
     <span class='ocr_line' id='line_1_16' title="bbox 137 1677 951 1750; baseline -0.001 -11"><span class='ocrx_word' id='word_1_90' title='bbox 137 1698 165 1739; x_wconf 75' lang='lat' dir='ltr'>ro</span> <span class='ocrx_word' id='word_1_91' title='bbox 221 1679 381 1737; x_wconf 85' lang='lat' dir='ltr'>Doctrinae</span> <span class='ocrx_word' id='word_1_92' title='bbox 405 1679 561 1736; x_wconf 88' lang='lat' dir='ltr'>aethereae</span> <span class='ocrx_word' id='word_1_93' title='bbox 584 1678 661 1750; x_wconf 90' lang='lat' dir='ltr'>quod</span> <span class='ocrx_word' id='word_1_94' title='bbox 683 1677 739 1735; x_wconf 88' lang='lat' dir='ltr'>fuit</span> <span class='ocrx_word' id='word_1_95' title='bbox 762 1685 829 1737; x_wconf 88' lang='lat' dir='ltr'>ante</span> <span class='ocrx_word' id='word_1_96' title='bbox 853 1681 951 1750; x_wconf 82' lang='lat' dir='ltr'>decus,</span> 
     </span>
     <span class='ocr_line' id='line_1_17' title="bbox 178 1772 1012 1846; baseline 0.005 -16"><span class='ocrx_word' id='word_1_97' title='bbox 178 1773 314 1846; x_wconf 80' lang='lat' dir='ltr'>Quaeque</span> <span class='ocrx_word' id='word_1_98' title='bbox 337 1790 459 1845; x_wconf 89' lang='lat' dir='ltr'>operum</span> <span class='ocrx_word' id='word_1_99' title='bbox 482 1773 573 1829; x_wconf 88' lang='lat' dir='ltr'>densa</span> <span class='ocrx_word' id='word_1_100' title='bbox 594 1772 679 1830; x_wconf 91' lang='lat' dir='ltr'>latuit</span> <span class='ocrx_word' id='word_1_101' title='bbox 702 1790 755 1831; x_wconf 87' lang='lat' dir='ltr'>eeu</span> <span class='ocrx_word' id='word_1_102' title='bbox 776 1775 863 1845; x_wconf 90' lang='lat' dir='ltr'>nube,</span> <span class='ocrx_word' id='word_1_103' title='bbox 887 1777 1012 1835; x_wconf 89' lang='lat' dir='ltr'>nitorem</span> 
     </span>
     <span class='ocr_line' id='line_1_18' title="bbox 219 1867 859 1949; baseline 0 -24"><span class='ocrx_word' id='word_1_104' title='bbox 219 1868 378 1942; x_wconf 89' lang='lat' dir='ltr'>Antiquom</span> <span class='ocrx_word' id='word_1_105' title='bbox 400 1885 501 1925; x_wconf 92' lang='lat' dir='ltr'>rursus</span> <span class='ocrx_word' id='word_1_106' title='bbox 526 1869 623 1949; x_wconf 84' lang='lat' dir='ltr'>coepit</span> <span class='ocrx_word' id='word_1_107' title='bbox 645 1868 753 1926; x_wconf 89' lang='lat' dir='ltr'>habore</span> <span class='ocrx_word' id='word_1_108' title='bbox 776 1867 859 1928; x_wconf 87' lang='lat' dir='ltr'>fides.</span> 
     </span>
     <span class='ocr_line' id='line_1_19' title="bbox 178 1963 1060 2035; baseline 0.003 -15"><span class='ocrx_word' id='word_1_109' title='bbox 178 1963 219 2020; x_wconf 91' lang='lat' dir='ltr'>At</span> <span class='ocrx_word' id='word_1_110' title='bbox 242 1968 345 2035; x_wconf 90' lang='lat' dir='ltr'>quotus</span> <span class='ocrx_word' id='word_1_111' title='bbox 368 1963 426 2020; x_wconf 91' lang='lat' dir='ltr'>heu</span> <span class='ocrx_word' id='word_1_112' title='bbox 450 1963 570 2035; x_wconf 86' lang='lat' dir='ltr'>quisque</span> <span class='ocrx_word' id='word_1_113' title='bbox 594 1968 647 2031; x_wconf 88' lang='lat' dir='ltr'>est,</span> <span class='ocrx_word' id='word_1_114' title='bbox 672 1964 720 2035; x_wconf 89' lang='lat' dir='ltr'>qui</span> <span class='ocrx_word' id='word_1_115' title='bbox 743 1964 814 2020; x_wconf 89' lang='lat' dir='ltr'>talia</span> <span class='ocrx_word' id='word_1_116' title='bbox 837 1983 955 2023; x_wconf 89' lang='lat' dir='ltr'>munere</span> <span class='ocrx_word' id='word_1_117' title='bbox 978 1974 1060 2024; x_wconf 85' lang='lat' dir='ltr'>eurot</span> 
     </span>
     <span class='ocr_line' id='line_1_20' title="bbox 220 2043 899 2129; baseline 0.001 -15"><span class='ocrx_word' id='word_1_118' title='bbox 220 2058 267 2114; x_wconf 87' lang='lat' dir='ltr'>Ex</span> <span class='ocrx_word' id='word_1_119' title='bbox 289 2043 385 2115; x_wconf 84' lang='lat' dir='ltr'>animo</span> <span class='ocrx_word' id='word_1_120' title='bbox 410 2056 529 2115; x_wconf 88' lang='lat' dir='ltr'>studeat</span> <span class='ocrx_word' id='word_1_121' title='bbox 551 2062 651 2129; x_wconf 79' lang='lat' dir='ltr'>gratus</span> <span class='ocrx_word' id='word_1_122' title='bbox 675 2063 705 2113; x_wconf 90' lang='lat' dir='ltr'>et</span> <span class='ocrx_word' id='word_1_123' title='bbox 728 2074 791 2114; x_wconf 87' lang='lat' dir='ltr'>esse</span> <span class='ocrx_word' id='word_1_124' title='bbox 814 2056 899 2115; x_wconf 78' lang='lat' dir='ltr'>Deo?</span> 
     </span>
     <span class='ocr_line' id='line_1_21' title="bbox 137 2150 1093 2226; baseline -0.004 -13"><span class='ocrx_word' id='word_1_125' title='bbox 137 2171 165 2213; x_wconf 78' lang='lat'>45</span> <span class='ocrx_word' id='word_1_126' title='bbox 179 2153 220 2209; x_wconf 90' lang='lat' dir='ltr'>At</span> <span class='ocrx_word' id='word_1_127' title='bbox 242 2157 346 2224; x_wconf 90' lang='lat' dir='ltr'>quotus</span> <span class='ocrx_word' id='word_1_128' title='bbox 371 2156 423 2220; x_wconf 86' lang='lat' dir='ltr'>est,</span> <span class='ocrx_word' id='word_1_129' title='bbox 450 2151 568 2224; x_wconf 85' lang='lat' dir='ltr'>dignum</span> <span class='ocrx_word' id='word_1_130' title='bbox 591 2167 622 2208; x_wconf 90' lang='lat' dir='ltr'>se</span> <span class='ocrx_word' id='word_1_131' title='bbox 646 2150 754 2207; x_wconf 86' lang='lat' dir='ltr'>Christi</span> <span class='ocrx_word' id='word_1_132' title='bbox 778 2154 916 2224; x_wconf 80' lang='lat' dir='ltr'>sanguine</span> <span class='ocrx_word' id='word_1_133' title='bbox 939 2160 1093 2226; x_wconf 83' lang='lat' dir='ltr'>praestans</span> 
     </span>
     <span class='ocr_line' id='line_1_22' title="bbox 221 2245 1011 2319; baseline 0.001 -16"><span class='ocrx_word' id='word_1_134' title='bbox 221 2247 278 2304; x_wconf 88' lang='lat' dir='ltr'>Per</span> <span class='ocrx_word' id='word_1_135' title='bbox 299 2247 357 2318; x_wconf 88' lang='lat' dir='ltr'>pia,</span> <span class='ocrx_word' id='word_1_136' title='bbox 382 2263 467 2319; x_wconf 91' lang='lat' dir='ltr'>quam</span> <span class='ocrx_word' id='word_1_137' title='bbox 489 2247 589 2315; x_wconf 88' lang='lat' dir='ltr'>iactat,</span> <span class='ocrx_word' id='word_1_138' title='bbox 614 2246 662 2316; x_wconf 89' lang='lat' dir='ltr'>qui</span> <span class='ocrx_word' id='word_1_139' title='bbox 683 2245 790 2317; x_wconf 88' lang='lat' dir='ltr'>probet</span> <span class='ocrx_word' id='word_1_140' title='bbox 813 2253 879 2304; x_wconf 85' lang='lat' dir='ltr'>acta</span> <span class='ocrx_word' id='word_1_141' title='bbox 901 2246 1011 2306; x_wconf 86' lang='lat' dir='ltr'>fidem?</span> 
     </span>
     <span class='ocr_line' id='line_1_23' title="bbox 179 2340 1075 2413; baseline 0.003 -15"><span class='ocrx_word' id='word_1_142' title='bbox 179 2341 295 2399; x_wconf 88' lang='lat' dir='ltr'>Seilioet</span> <span class='ocrx_word' id='word_1_143' title='bbox 318 2357 402 2399; x_wconf 90' lang='lat' dir='ltr'>omne</span> <span class='ocrx_word' id='word_1_144' title='bbox 425 2340 540 2408; x_wconf 84' lang='lat' dir='ltr'>malum,</span> <span class='ocrx_word' id='word_1_145' title='bbox 565 2340 658 2397; x_wconf 86' lang='lat' dir='ltr'>scelus</span> <span class='ocrx_word' id='word_1_146' title='bbox 683 2356 766 2397; x_wconf 89' lang='lat' dir='ltr'>omno</span> <span class='ocrx_word' id='word_1_147' title='bbox 790 2341 899 2413; x_wconf 90' lang='lat' dir='ltr'>inrupit</span> <span class='ocrx_word' id='word_1_148' title='bbox 921 2343 952 2400; x_wconf 92' lang='lat' dir='ltr'>in</span> <span class='ocrx_word' id='word_1_149' title='bbox 974 2361 1075 2401; x_wconf 86' lang='lat' dir='ltr'>aevum</span> 
     </span>
     <span class='ocr_line' id='line_1_24' title="bbox 220 2433 875 2508; baseline 0.002 -15"><span class='ocrx_word' id='word_1_150' title='bbox 220 2435 285 2493; x_wconf 88' lang='lat' dir='ltr'>Hoo</span> <span class='ocrx_word' id='word_1_151' title='bbox 306 2438 438 2493; x_wconf 90' lang='lat' dir='ltr'>nostrum</span> <span class='ocrx_word' id='word_1_152' title='bbox 460 2433 539 2492; x_wconf 90' lang='lat' dir='ltr'>ferro</span> <span class='ocrx_word' id='word_1_153' title='bbox 564 2433 663 2491; x_wconf 91' lang='lat' dir='ltr'>durius</span> <span class='ocrx_word' id='word_1_154' title='bbox 687 2440 716 2492; x_wconf 89' lang='lat' dir='ltr'>et</span> <span class='ocrx_word' id='word_1_155' title='bbox 740 2435 875 2508; x_wconf 79' lang='lat' dir='ltr'>chalybe3</span> 
     </span>
     <span class='ocr_line' id='line_1_25' title="bbox 178 2529 962 2605; baseline 0.006 -19"><span class='ocrx_word' id='word_1_156' title='bbox 178 2529 264 2588; x_wconf 88' lang='lat' dir='ltr'>Victa</span> <span class='ocrx_word' id='word_1_157' title='bbox 285 2530 365 2588; x_wconf 87' lang='lat' dir='ltr'>iacet</span> <span class='ocrx_word' id='word_1_158' title='bbox 386 2530 488 2598; x_wconf 89' lang='lat' dir='ltr'>virtus,</span> <span class='ocrx_word' id='word_1_159' title='bbox 512 2529 590 2586; x_wconf 89' lang='lat' dir='ltr'>vitiis</span> <span class='ocrx_word' id='word_1_160' title='bbox 613 2529 789 2603; x_wconf 87' lang='lat' dir='ltr'>iuvenesque</span> <span class='ocrx_word' id='word_1_161' title='bbox 812 2548 962 2605; x_wconf 80' lang='lat' dir='ltr'>senesque,</span> 
     </span>
     <span class='ocr_line' id='line_1_26' title="bbox 137 2624 883 2699; baseline 0.001 -17"><span class='ocrx_word' id='word_1_162' title='bbox 137 2644 165 2687; x_wconf 79' lang='lat' dir='ltr'>ao</span> <span class='ocrx_word' id='word_1_163' title='bbox 223 2624 344 2683; x_wconf 88' lang='lat' dir='ltr'>Artibus</span> <span class='ocrx_word' id='word_1_164' title='bbox 367 2624 520 2697; x_wconf 82' lang='lat' dir='ltr'>invigilant</span> <span class='ocrx_word' id='word_1_165' title='bbox 541 2625 586 2682; x_wconf 87' lang='lat' dir='ltr'>vir</span> <span class='ocrx_word' id='word_1_166' title='bbox 607 2625 766 2699; x_wconf 87' lang='lat' dir='ltr'>mulierque</span> <span class='ocrx_word' id='word_1_167' title='bbox 789 2627 883 2684; x_wconf 90' lang='lat' dir='ltr'>malis.</span> 
     </span>
     <span class='ocr_line' id='line_1_27' title="bbox 181 2717 1074 2793; baseline 0.007 -18"><span class='ocrx_word' id='word_1_168' title='bbox 181 2718 284 2787; x_wconf 83' lang='lat' dir='ltr'>Fraus,</span> <span class='ocrx_word' id='word_1_169' title='bbox 307 2717 414 2790; x_wconf 85' lang='lat' dir='ltr'>Venus,</span> <span class='ocrx_word' id='word_1_170' title='bbox 440 2719 567 2777; x_wconf 90' lang='lat' dir='ltr'>ebrietas</span> <span class='ocrx_word' id='word_1_171' title='bbox 591 2724 621 2776; x_wconf 88' lang='lat' dir='ltr'>et</span> <span class='ocrx_word' id='word_1_172' title='bbox 644 2736 726 2777; x_wconf 93' lang='lat' dir='ltr'>amor</span> <span class='ocrx_word' id='word_1_173' title='bbox 748 2721 915 2778; x_wconf 90' lang='lat' dir='ltr'>dominatur</span> <span class='ocrx_word' id='word_1_174' title='bbox 937 2722 1074 2793; x_wconf 89' lang='lat' dir='ltr'>habendi,</span> 
     </span>
     <span class='ocr_line' id='line_1_28' title="bbox 223 2812 879 2886; baseline 0 -17"><span class='ocrx_word' id='word_1_175' title='bbox 223 2812 279 2870; x_wconf 84' lang='lat' dir='ltr'>Est</span> <span class='ocrx_word' id='word_1_176' title='bbox 299 2828 406 2872; x_wconf 90' lang='lat' dir='ltr'>nomen</span> <span class='ocrx_word' id='word_1_177' title='bbox 430 2814 535 2886; x_wconf 70' lang='lat' dir='ltr'>pietas</span> <span class='ocrx_word' id='word_1_178' title='bbox 559 2830 665 2871; x_wconf 89' lang='lat' dir='ltr'>nomen</span> <span class='ocrx_word' id='word_1_179' title='bbox 687 2815 772 2872; x_wconf 89' lang='lat' dir='ltr'>inane</span> <span class='ocrx_word' id='word_1_180' title='bbox 795 2815 879 2871; x_wconf 78' lang='lat' dir='ltr'>fides,</span> 
     </span>
     <span class='ocr_line' id='line_1_29' title="bbox 182 2907 987 2981; baseline 0 -16"><span class='ocrx_word' id='word_1_181' title='bbox 182 2908 223 2966; x_wconf 89' lang='lat' dir='ltr'>Et</span> <span class='ocrx_word' id='word_1_182' title='bbox 246 2907 420 2977; x_wconf 89' lang='lat' dir='ltr'>dubitamus,</span> <span class='ocrx_word' id='word_1_183' title='bbox 445 2909 541 2967; x_wconf 89' lang='lat' dir='ltr'>adhue</span> <span class='ocrx_word' id='word_1_184' title='bbox 562 2924 622 2965; x_wconf 94' lang='lat' dir='ltr'>non</span> <span class='ocrx_word' id='word_1_185' title='bbox 645 2908 810 2965; x_wconf 86' lang='lat' dir='ltr'>exhibitura</span> <span class='ocrx_word' id='word_1_186' title='bbox 833 2914 987 2981; x_wconf 86' lang='lat' dir='ltr'>sequentes</span> 
     </span>
     <span class='ocr_line' id='line_1_30' title="bbox 221 3001 1022 3078; baseline -0.002 -18"><span class='ocrx_word' id='word_1_187' title='bbox 221 3001 331 3061; x_wconf 90' lang='lat' dir='ltr'>Mundo</span> <span class='ocrx_word' id='word_1_188' title='bbox 354 3005 451 3062; x_wconf 90' lang='lat' dir='ltr'>aderit</span> <span class='ocrx_word' id='word_1_189' title='bbox 473 3004 541 3078; x_wconf 93' lang='lat' dir='ltr'>quin</span> <span class='ocrx_word' id='word_1_190' title='bbox 563 3004 757 3075; x_wconf 88' lang='lat' dir='ltr'>iamiamque</span> <span class='ocrx_word' id='word_1_191' title='bbox 781 3019 917 3074; x_wconf 90' lang='lat' dir='ltr'>suprema</span> <span class='ocrx_word' id='word_1_192' title='bbox 939 3001 1022 3061; x_wconf 84' lang='lat' dir='ltr'>dies?</span> 
     </span>
     <span class='ocr_line' id='line_1_31' title="bbox 139 3095 899 3171; baseline -0.005 -12"><span class='ocrx_word' id='word_1_193' title='bbox 139 3098 208 3159; x_wconf 78' lang='lat'>550</span> <span class='ocrx_word' id='word_1_194' title='bbox 232 3098 279 3171; x_wconf 91' lang='lat' dir='ltr'>qui</span> <span class='ocrx_word' id='word_1_195' title='bbox 301 3098 448 3170; x_wconf 89' lang='lat' dir='ltr'>praedixti</span> <span class='ocrx_word' id='word_1_196' title='bbox 471 3099 556 3157; x_wconf 92' lang='lat' dir='ltr'>nobis</span> <span class='ocrx_word' id='word_1_197' title='bbox 578 3099 659 3169; x_wconf 87' lang='lat' dir='ltr'>prius</span> <span class='ocrx_word' id='word_1_198' title='bbox 683 3097 788 3167; x_wconf 89' lang='lat' dir='ltr'>omnia,</span> <span class='ocrx_word' id='word_1_199' title='bbox 812 3095 899 3155; x_wconf 91' lang='lat' dir='ltr'>finem</span> 
     </span>
     <span class='ocr_line' id='line_1_32' title="bbox 224 3192 950 3265; baseline -0.003 -15"><span class='ocrx_word' id='word_1_200' title='bbox 224 3193 277 3250; x_wconf 91' lang='lat' dir='ltr'>His</span> <span class='ocrx_word' id='word_1_201' title='bbox 301 3193 433 3265; x_wconf 89' lang='lat' dir='ltr'>positure</span> <span class='ocrx_word' id='word_1_202' title='bbox 457 3194 548 3262; x_wconf 84' lang='lat' dir='ltr'>malis,</span> <span class='ocrx_word' id='word_1_203' title='bbox 574 3193 697 3250; x_wconf 88' lang='lat' dir='ltr'>maxime</span> <span class='ocrx_word' id='word_1_204' title='bbox 722 3192 846 3263; x_wconf 84' lang='lat' dir='ltr'>Christe,</span> <span class='ocrx_word' id='word_1_205' title='bbox 870 3193 950 3251; x_wconf 86' lang='lat' dir='ltr'>voni!</span> 
     </span>
    </p>
   </div>
   <div class='ocr_carea' id='block_1_3' title="bbox 527 3432 729 3440">
    <p class='ocr_par' dir='ltr' id='par_1_3' title="bbox 527 3432 729 3440">
     <span class='ocr_line' id='line_1_33' title="bbox 527 3432 729 3440; baseline 0 0"><span class='ocrx_word' id='word_1_206' title='bbox 527 3432 729 3440; x_wconf 77' lang='lat'>--—-——-—</span> 
     </span>
    </p>
   </div>
   <div class='ocr_carea' id='block_1_4' title="bbox 0 0 1250 4080">
    <p class='ocr_par' dir='ltr' id='par_1_4' title="bbox 0 0 1250 4080">
     <span class='ocr_line' id='line_1_34' title="bbox 0 0 1250 4080; baseline 0 0"><span class='ocrx_word' id='word_1_207' title='bbox 0 0 1250 4080; x_wconf 95' lang='lat' dir='ltr'> </span> 
     </span>
    </p>
   </div>
  </div>
 </body>
</html>
