2490 4080
601 693 654 749 ΙΙΙ.

354 829 592 888 FRIDERICVS
615 829 895 887 WIDEBRAMVS.

438 968 674 1039 Selilaquium
697 967 807 1025 exilii.

182 1081 299 1138 Maesta
321 1079 398 1152 quid,
424 1097 440 1136 0
464 1081 569 1146 anima,
595 1077 645 1136 es?
670 1079 729 1136 Cur
750 1085 778 1137 te
796 1079 895 1136 obmis
912 1079 999 1136 anxia
1016 1075 1108 1135 curis?

180 1176 254 1232 Esto
277 1175 329 1244 tui,
353 1191 464 1231 memor
486 1178 550 1231 esta
572 1173 630 1231 Dei
652 1180 739 1246 atque
762 1174 909 1245 reconlige
932 1174 1070 1232 mentem!

182 1270 273 1331 Vnius
295 1269 451 1340 impatiens
474 1267 587 1326 adeone
610 1269 795 1326 incommoda
816 1269 936 1340 planges

182 1365 280 1434 Exilii,
305 1364 380 1421 male
404 1360 509 1435 grata?
538 1362 595 1420 Dei
619 1381 682 1420 cum
704 1362 781 1420 filius
803 1364 867 1435 ipse

152 1459 257 1519 aExul
281 1464 311 1516 et
333 1474 349 1515 e
371 1458 467 1529 patrie
489 1474 558 1513 mox
579 1458 679 1529 pulsus
703 1458 739 1516 ab
763 1457 897 1515 hostibus
920 1455 1016 1514 infans

181 1553 274 1611 Cedat
297 1554 327 1610 in
349 1553 514 1624 Aegyptum
536 1553 652 1624 lateque
675 1558 797 1625 vagatus
819 1553 849 1608 in
874 1551 944 1608 orbe

181 1648 297 1719 Pauper
320 1651 350 1704 et
372 1646 512 1714 abiectus,
536 1663 686 1718 nusquam,
711 1663 766 1718 quo
789 1647 902 1703 viveret
923 1663 1053 1720 usquam,

181 1743 276 1799 Triste
301 1744 388 1813 caput
409 1740 548 1812 languens
572 1740 622 1797 ubi
645 1741 809 1809 reclinaret,
834 1741 965 1808 haberet,

181 1836 316 1894 Membra
339 1835 427 1892 etiam
450 1835 569 1892 tradens
594 1835 706 1892 alienae
728 1840 844 1892 mortua
866 1835 994 1906 tumbae,

138 1952 166 1993 m
181 1932 257 1988 Exul
281 1930 317 1987 ab
341 1929 428 1986 exilio
451 1930 538 1986 mado
561 1946 615 1986 nos
640 1931 794 2002 aliquando
818 1935 953 2001 receptas

182 2026 314 2084 Heredes
337 2024 451 2096 patriae
475 2023 609 2081 caelestis
632 2025 744 2082 honore
766 2024 878 2082 bearet.

180 2120 264 2178 Felix
288 2125 373 2191 atque
397 2119 503 2176 iterum
525 2118 604 2189 felix,
629 2119 653 2175 si
677 2125 762 2191 teque
786 2124 930 2190 tuamque,

182 2219 245 2285 Qua
270 2213 359 2272 debes
384 2214 488 2281 anima,
513 2212 660 2270 fortunam
682 2214 806 2284 provida
828 2215 908 2271 noris

182 2309 402 2380 Distinctosque
425 2307 533 2379 gradus
557 2307 736 2379 distinguere
760 2309 849 2366 docta
869 2307 1013 2365 bonorum

138 2423 165 2465 15
180 2404 280 2461 Mente
304 2419 419 2459 crucem
434 2402 559 2472 placida,
584 2419 780 2475 quaecumque
796 2408 849 2472 est,
873 2403 988 2460 vincere
1005 2403 1108 2461 discas.

181 2498 257 2555 Exul
281 2514 325 2553 es:
351 2496 468 2553 exilium
493 2498 652 2553 communis
676 2497 772 2570 gratia
793 2497 893 2554 mundi
918 2503 972 2568 est,

180 2593 271 2650 Sueta
293 2590 354 2648 fere
377 2591 489 2647 meritis
512 2607 623 2648 merces
647 2592 767 2664 indigna
789 2577 907 2664 referri3

118 2676 121 2680 ’
181 2687 235 2744 Cui
258 2686 282 2743 si
306 2685 414 2742 crimen
437 2685 529 2755 abest,
554 2690 586 2741 ut
609 2686 700 2755 abest,
726 2703 799 2759 quae
822 2692 905 2744 tanta
928 2686 1038 2743 doloris

182 2781 277 2839 Causa
293 2776 412 2836 subest?
429 2779 505 2849 Quid
518 2781 593 2836 enirn
605 2782 705 2838 miseri
716 2798 769 2838 nas
780 2778 907 2853 quaeso?
925 2781 1002 2851 Quid
1015 2798 1115 2839 omnes

137 2896 166 2937 ab
180 2877 284 2934 Nonne
307 2877 435 2932 viatores
460 2873 579 2932 sumus?
610 2877 670 2931 Aut
693 2876 761 2948 quid
783 2880 847 2932 tcta
869 2876 984 2948 piarum

180 2970 248 3028 Vita
270 2971 327 3027 nisi
351 2970 467 3026 exilium
492 2967 556 3026 est?
584 2970 651 3027 Non
673 2969 732 3028 fixa
756 2976 801 3027 est
822 2971 934 3028 mansio
958 2971 1055 3041 terris

177 3065 334 3122 Instabiles
358 3069 504 3120 sectamur
526 3081 605 3135 apes,
631 3065 726 3121 aliena
748 3070 880 3122 tenentes

180 3160 348 3227 Oeconomi,
372 3175 431 3215 non
453 3159 598 3229 mancipia
624 3176 764 3216 concessa
787 3159 839 3216 sed
862 3176 916 3216 usu

119 3278 125 3288 ·
178 3254 225 3310 Ad
249 3259 372 3324 tempus,
398 3252 495 3324 quoad
518 3253 567 3309 illa
590 3252 653 3310 Deo
677 3253 838 3310 concedere
861 3254 954 3311 visum
978 3261 1032 3311 est.

136 3368 164 3408 aa
177 3348 246 3405 Sola
268 3348 389 3405 immota
411 3351 529 3403 manent
551 3346 630 3404 bona
653 3348 817 3419 spiritualia
840 3350 921 3406 caelo

178 3442 305 3499 Abdita:
332 3458 405 3513 quae
429 3441 539 3513 siquis
563 3443 681 3514 retinet,
707 3449 786 3500 tenet
810 3443 906 3500 amnia
930 3443 1021 3501 dives.

236 3536 354 3609 Ecquid
371 3535 476 3606 adhuc,
502 3536 607 3608 anima,
632 3553 663 3594 es
687 3542 731 3595 tot
754 3537 868 3595 acerbis
892 3539 992 3596 saucia
1016 3537 1118 3597 curis?
