2490 4080
549 736 613 792 VII.

368 872 509 930 TOBIAS
533 873 791 932 TRAOHELIVS.

358 993 410 1049 Ad
440 992 583 1050 Paulum
611 992 801 1052 Sutorium¹

206 1105 342 1162 Libertas
366 1103 429 1172 fuit,
456 1110 501 1160 ost
525 1105 636 1176 eritque
660 1123 776 1178 semper

312 1199 371 1256 Sua
394 1198 539 1255 candidae
563 1200 721 1270 staphorum

260 1294 384 1363 Turbae,
410 1293 466 1349 sibi
491 1311 555 1349 oum
579 1295 735 1351 serenioris

362 1389 445 1445 Bona
468 1388 573 1444 mentis
596 1389 701 1460 arnpla.

119 1587 124 1601 .
183 1616 186 1622 Ι
208 1543 338 1600 Naturae
362 1543 499 1614 penetral
523 1559 577 1613 por
599 1542 730 1599 abditum
750 1544 835 1616 aequi
857 1549 886 1602 et

310 1637 412 1693 Studio
437 1653 542 1708 sagace
566 1638 626 1694 veri

260 1733 411 1802 Quaerunt
433 1733 578 1804 genioque
600 1732 711 1803 grande
734 1734 834 1792 mundi

364 1826 452 1897 Onna
477 1827 609 1883 aethram
632 1833 662 1884 et
684 1833 765 1886 astra

210 1970 390 2052 Supponunt.
427 1980 533 2036 Animo
556 1981 629 2037 haec
653 1982 729 2037 euim
751 1981 846 2044 indita
869 1989 914 2040 est
936 1985 988 2053 viu,

315 2075 354 2130 vt.
376 2074 414 2131 ad
437 2075 531 2130 instar
554 2075 629 2146 ignis
653 2075 704 2130 alti

262 2170 397 2240 Invergat
421 2169 458 2225 ad
482 2168 541 2224 alta
565 2174 592 2224 et
617 2169 676 2225 alta
699 2175 799 2226 verrat

365 2263 536 2334 Renuatque
559 2262 650 2319 furris

210 2417 247 2475 Se
270 2417 379 2474 includi
401 2416 522 2473 latebris
546 2416 599 2484 rei,
623 2417 791 2488 priusquam

315 2511 483 2568 Penetrarit
505 2527 589 2567 omne
613 2517 700 2568 acuta

265 2606 394 2663 Finitum
417 2606 480 2662 acie
503 2605 655 2662 beatitatis

366 2700 485 2757 Sacram
508 2699 546 2757 ad
569 2718 659 2772 usqum
684 2701 792 2759 sedem.

216 2855 239 2912 Ο
263 2872 310 2912 res
333 2853 434 2921 libera,
460 2870 532 2925 (guae
555 2871 656 2924 parum
680 2855 762 2912 libris
785 2872 866 2913 mens

315 2949 527 3020 Hominumque
552 2949 681 3018 opinioni
705 2954 750 3006 est

264 3043 385 3101 Adfixa!
421 3042 479 3099 Sed
501 3043 568 3112 ipra
591 3049 742 3113 promovet
766 3062 796 3101 so

367 3137 434 3194 Sine
458 3137 557 3193 taedio
581 3138 610 3193 in
635 3154 675 3206 se,

215 3291 250 3348 Vt
273 3309 378 3364 magno
402 3291 457 3349 hoe
480 3292 566 3348 homo
591 3309 621 3348 se
644 3293 759 3350 intuens
783 3295 814 3350 in
837 3295 908 3352 orbo

315 3385 439 3457 Specttlo
463 3385 539 3441 velut
564 3387 688 3444 mirante

264 3480 374 3537 Parvus
399 3480 495 3551 ¹<pecie
520 3480 652 3551 elegante
676 3482 799 3538 nunnius

368 3575 511 3632 Videatur
535 3592 607 3631 esse
