2490 4080
318 228 478 274 terrave
504 230 667 276 uouemus
694 232 859 278 sucvuovs.
1034 226 1068 283 17

139 405 314 463 Parrhasiae
338 403 480 481 (memini)
504 406 555 463 sub
580 408 675 464 sidere
700 409 818 478 virginis
842 411 909 479 arsi,

94 518 122 558 ro
181 499 339 571 Multaque,
365 501 442 571 <ruod
465 501 566 557 vellem
589 519 675 572 posse
699 520 814 573 negare,
844 505 905 562 tuli.

138 595 252 651 Forsan
275 599 305 651 et
327 594 449 651 hiberno
474 596 545 650 cinis
570 602 634 652 ator
656 597 685 652 in
709 596 780 654 orbe
803 599 938 667 iacerem,

181 689 222 745 At
245 689 303 746 cit-o
327 707 389 745 sum
412 690 515 761 longas
538 691 634 746 iussus
658 691 730 747 inire
754 693 824 748 vias

137 784 221 840 Litus
244 784 282 840 ad
305 783 480 855 Hesperium
502 785 567 841 reni
592 785 794 857 dominamque
817 787 928 859 reliqui,

180 878 258 935 Dum
280 877 360 935 feror
383 880 438 935 hue
461 879 537 946 illuc,
563 884 646 936 sexta
670 882 794 937 recurrit
816 882 916 938 hiems¹

94 992 122 1032 15
139 973 251 1040 Omnia,
276 990 348 1045 quae
372 978 492 1044 possent
514 971 645 1030 flammas
669 975 862 1045 exstinguere,
887 976 953 1034 feei.

182 1067 312 1137 Quaeris,
337 1067 481 1138 profuerit
504 1068 571 1138 quid
595 1066 685 1124 mihi?
724 1067 810 1125 Peius
834 1071 913 1127 amo!

138 1164 284 1220 idumeis
308 1163 407 1227 oculis,
432 1162 562 1234 quamvis
585 1163 688 1234 procul
711 1162 795 1231 absit,
822 1165 953 1223 inhaeret

180 1257 242 1314 Nee
265 1273 422 1313 memorem
446 1256 556 1312 Phoebi
579 1273 632 1313 ner
656 1257 725 1314 sinit
748 1275 812 1315 esse
835 1260 900 1316 mei.

138 1353 255 1424 lamque
278 1351 331 1408 sub
354 1351 410 1407 hoc
433 1352 496 1422 ipso
521 1356 665 1407 terramm
688 1350 744 1408 fine
768 1361 885 1424 reperta
909 1361 953 1411 est

93 1468 122 1506 eo
180 1446 253 1516 Vna,
278 1462 379 1503 recens
403 1444 487 1502 nobis
512 1461 578 1501 ecee
601 1447 697 1516 puella
719 1446 834 1503 malum.

138 1543 218 1599 Haec
242 1546 295 1610 est,
319 1557 403 1613 quam
427 1541 535 1597 totiens
558 1539 678 1597 laudare
703 1541 813 1610 soletis,
837 1544 930 1610 amici,

180 1636 256 1693 Dum
278 1636 393 1692 niveum
417 1635 532 1691 choreis
554 1633 613 1691 fert
636 1635 767 1692 tunicata
788 1636 901 1706 pedem.

137 1733 207 1800 Nec,
232 1731 303 1808 quia
324 1729 454 1787 formosa
477 1734 529 1797 est,
555 1729 663 1800 capior,
688 1729 740 1786 sed
762 1730 887 1802 imagine
910 1737 1022 1805 tangor,

176 1826 239 1882 Nec
261 1824 339 1896 quod
362 1840 426 1880 amo
450 1822 544 1892 video,
570 1840 660 1895 cogor
682 1839 781 1880 amare
804 1829 910 1883 tamen.

93 1941 121 1981 m
137 1922 267 1992 Namque
292 1915 421 1993 (fatebor
444 1917 531 1991 onim)
554 1917 659 1988 gelida,
684 1933 749 1974 mea
771 1919 839 1987 sita,
866 1921 918 1976 sub
942 1924 1033 1982 Arcto

180 2015 256 2071 Huic
279 2013 386 2070 similes
409 2013 512 2080 vultus
538 2011 672 2068 simodo
697 2013 775 2080 vivit,
801 2013 902 2070 habet:

136 2111 185 2166 Sic
207 2109 336 2167 formosa
359 2107 449 2179 genis,
474 2107 515 2162 sic
539 2111 583 2162 est
607 2106 729 2161 astricta
750 2108 874 2178 papillis,

179 2204 227 2262 Sic
249 2204 334 2275 pede,
359 2204 401 2258 sic
424 2201 523 2268 oculis,
549 2201 590 2256 sio
613 2216 738 2270 operosa
761 2202 860 2257 comis.

137 2302 265 2372 Vtraque
288 2298 389 2355 blaesa
410 2295 471 2353 fere
495 2301 547 2363 est,
573 2295 655 2350 amns
679 2294 876 2352 crescentibus
901 2299 1011 2370 abibae,

92 2416 121 2457 so
180 2395 241 2452 Neo
263 2393 355 2464 magis
379 2392 451 2448 haec
474 2391 560 2461 longa
583 2393 704 2445 estnec
727 2390 817 2461 magis
841 2392 890 2448 illa
911 2391 975 2462 fuit,

136 2492 198 2548 Nec
220 2489 315 2561 pudor
337 2492 388 2543 aut
411 2486 483 2543 casti
506 2483 618 2541 faciunt
641 2483 809 2541 discrimina
832 2503 935 2553 mores,

178 2585 217 2640 Vt
240 2583 343 2640 credas
365 2586 466 2653 partus
489 2579 573 2635 unius
598 2595 662 2635 esse
687 2577 770 2634 duas.

137 2680 212 2750 Quid
228 2678 299 2735 mihi
314 2694 389 2733 nunc
405 2676 534 2746 prodest,
559 2673 636 2746 quod
656 2689 710 2728 nos
725 2690 805 2729 mare
822 2682 939 2746 separat
954 2678 1064 2752 ingens,

179 2774 265 2831 Mens
288 2772 366 2828 bona
388 2770 465 2843 quod
488 2769 577 2825 tantis
602 2767 752 2838 exagitata
773 2767 876 2825 malis?

91 2870 211 2940 35de
233 2869 315 2924 iuvat
337 2865 462 2936 effigiem
486 2870 604 2920 tenerae
628 2859 770 2917 conflasse
793 2863 914 2932 puellae,

178 2963 270 3034 Quam
293 2976 394 3017 manus
417 2960 446 3014 in
470 2958 560 3029 digito
584 2957 667 3012 laeva
689 2955 800 3011 minore
824 2957 910 3013 tulit?

134 3060 212 3116 Num
226 3058 320 3113 minus
336 3056 410 3112 haec
425 3051 546 3124 praebet
561 3051 655 3115 tellus,
669 3049 746 3120 quod
762 3065 859 3106 amare
875 3069 994 3115 necesse
1011 3063 1055 3116 est

176 3153 253 3210 Num
275 3151 369 3206 minus
393 3148 465 3204 haec
489 3133 595 3217 cogunt
618 3159 663 3199 me
687 3143 841 3200 simulacra
863 3147 958 3204 mori?

135 3248 215 3305 Colle
239 3243 291 3302 sub
314 3243 440 3300 herboso
464 3240 515 3317 (nil
538 3246 568 3298 te
592 3234 875 3313 communetotum,

90 3362 119 3404 40
177 3341 260 3398 Vnde
283 3340 371 3396 maris
394 3337 502 3394 virides
526 3333 744 3406 conspiciuntur
766 3348 867 3403 aquae.

133 3437 247 3493 Laurus
271 3439 300 3491 et
322 3433 477 3490 umbrosae
500 3431 603 3488 salices
627 3431 657 3484 et
679 3425 772 3482 Lotus
796 3431 825 3483 et
846 3429 924 3500 uhni,

175 3530 337 3601 Praecipue
359 3528 476 3585 Baccho
498 3526 590 3583 Lotos
613 3523 716 3589 amica,
741 3520 842 3578 virent.

133 3627 204 3695 Illic,
230 3626 305 3682 sicut
328 3629 399 3690 erat,
424 3622 616 3678 viridantibus
640 3621 742 3679 abdi-ta
764 3619 854 3675 ramis

128 3742 166 3772 eut.
178 3737 356 3771 Litteraturdcnkm.
370 3737 384 3771 ι’.
910 3726 934 3775 ²),
