2490 4080
603 770 638 827 V.

294 923 467 981 IOAXNES
489 923 700 982 FABRICIVS
723 925 949 984 MONTANVS.

401 1077 453 1134 Aul
476 1077 643 1135 Ioannem
667 1078 843 1150 Hylerum.

300 1214 496 1271 Crebrescunt
518 1214 645 1287 Zephyri
668 1216 796 1287 tepentis
820 1232 918 1286 aurae,

299 1309 361 1366 Neo
384 1310 440 1366 ium
464 1315 550 1381 prata
572 1310 637 1380 gelu
661 1310 757 1380 rigent
780 1316 876 1380 acuto,
911 1388 915 1396 Ι

300 1403 358 1461 Sed
382 1409 478 1460 terrae
502 1404 593 1461 violas
616 1402 716 1461 ferunt
740 1404 852 1462 solutae

299 1499 339 1556 Et
361 1502 524 1569 permutante
548 1499 642 1555 sinum
666 1499 764 1556 colore
786 1500 918 1571 pingunt.

301 1594 333 1650 Iu
357 1593 436 1650 silvis
459 1593 592 1650 volueres
617 1598 778 1666 queruntur
801 1594 877 1664 ultis,

300 1689 420 1760 Argutis
444 1704 593 1744 uemorum
618 1689 709 1744 comis
733 1705 888 1746 susurrans

299 1782 431 1855 Lympha
453 1782 562 1839 rivulus
586 1782 733 1853 obstrepit
756 1788 886 1840 sonante.

300 1879 360 1935 Has
384 1883 415 1933 tu
439 1877 568 1946 deliciae,
594 1878 695 1946 amice,
721 1877 800 1934 solus

299 1970 427 2031 Gustus?
452 1972 475 2031 Ο
499 1978 550 2029 tua
572 1977 619 2029 ter
642 1977 802 2045 quaterque
825 1972 895 2031 felix

298 2068 374 2138 Vita,
400 2069 447 2140 qui
470 2067 572 2139 procul
594 2066 677 2124 urbis
701 2084 718 2124 a
742 2068 867 2124 tumultu

300 2163 393 2221 Silvas
416 2164 493 2220 inter
516 2167 546 2219 et
569 2162 697 2234 optimos
720 2161 834 2219 libellos

298 2259 402 2314 Manes
426 2258 583 2328 imperiosa
607 2258 672 2314 iura
694 2255 757 2314 foti.

300 2352 323 2408 Ο
347 2352 572 2409 nuncupanimi
595 2357 646 2408 tuo
671 2351 766 2408 sodali

296 2445 388 2516 Bigee
411 2445 582 2517 Triptolemi
607 2447 684 2502 eitee
708 2445 861 2504 darentur!

132 2560 160 2601 m
299 2541 347 2598 Ao
369 2540 466 2597 villam
490 2540 595 2612 eupride
618 2547 700 2598 tuam
723 2542 844 2598 volaret.

439 2933 573 2992 IVSTVS
596 2932 798 2990 VVLTEIVS.

418 3073 467 3129 De
506 3081 664 3142 tempore
703 3086 818 3127 veruo.

175 3194 277 3252 Pellite
300 3194 459 3261 tristitiam,
486 3208 581 3248 mores
605 3196 743 3249 revocate
767 3191 896 3247 iocosos:

216 3291 277 3348 Nos
302 3289 410 3345 similes
434 3287 519 3343 huius
543 3286 685 3357 temporis
710 3302 774 3342 esse
798 3284 891 3342 decet.

173 3383 364 3455 Temporibus
387 3386 474 3453 paret
496 3381 612 3452 sepiens
636 3379 851 3452 praesentibus,
876 3377 990 3450 etquis

215 3479 252 3536 Se
275 3478 345 3535 velit
367 3477 398 3534 in
421 3476 519 3533 stultis
543 3492 648 3532 nomeu
672 3474 781 3532 habere
806 3470 923 3530 choris?

137 3575 249 3647 sErgo
273 3572 350 3646 quod
373 3572 403 3629 in
426 3586 567 3644 praeseus
591 3587 637 3627 res
660 3569 792 3641 postulat¹
814 3569 879 3639 ipsa
901 3583 1069 3638 sequamur,
