2490 4080
209 235 249 293 20
431 246 590 292 1001010
613 245 776 291 nemcinvs
799 247 963 294 sacvauvs

292 423 447 493 Accidere,
471 422 615 494 exsequiis
639 424 762 494 contigit
785 441 868 481 omne
891 426 958 481 tuis,

250 520 335 589 Quod
358 523 492 589 superest
514 516 661 592 (quoniam
684 518 756 573 nihil
778 524 824 575 est
845 521 971 576 velocius
995 519 1091 599 amris)

293 612 436 680 Gaudeat,
461 617 493 667 ut
517 612 605 683 digna
628 617 681 679 est,
705 611 778 670 flore
801 614 919 671 iuventa
942 632 1010 672 suo:

252 710 327 766 Pace
350 713 401 763 tua
423 707 511 762 liceat
532 705 677 762 funestam
699 724 809 778 ponere
832 714 942 765 vestem

206 826 235 864 00
293 804 467 875 Myrtoaquo
491 802 601 857 ornatis
625 802 749 858 reddere
773 809 853 859 sorta
876 805 975 861 comis.

248 897 420 970 Appennino
443 900 536 967 pater,
560 912 666 952 vacuas
690 897 738 967 qui
761 898 838 953 tollis
861 898 891 953 in
914 915 999 955 auras

291 991 410 1049 Ilicibus
434 991 559 1047 cinctum
582 991 779 1062 iuniperisque
802 997 890 1063 caput

251 1087 450 1157 homiliaeque
474 1085 574 1141 videns
599 1101 679 1141 oram
703 1102 877 1158 camposque
899 1087 1028 1144 iacentes
1077 1099 1088 1113 ⁴

291 1180 396 1240 Nobile
419 1180 571 1237 Felsinoae
596 1179 720 1250 despicis
743 1180 823 1236 urbis
847 1198 928 1253 opus,

206 1297 235 1337 00
250 1277 293 1333 Tu
315 1276 385 1332 mihi
410 1292 543 1331 curarum
568 1291 687 1331 consors
711 1275 851 1346 testisque
874 1275 1014 1344 laborum,
1037 1277 1039 1281 ⁴

292 1371 335 1427 Tu
357 1370 445 1427 viridi
467 1385 566 1426 servas
590 1369 696 1440 gaudia
719 1375 819 1426 riostra
841 1371 918 1441 iugo,

250 1467 304 1524 Hic
326 1483 391 1522 mea
414 1465 463 1521 lux
484 1465 587 1535 patriis
610 1464 640 1520 in
664 1463 784 1520 collibus
809 1466 899 1534 exigit
922 1482 1022 1522 aevum

292 1561 467 1631 Lanigerum
489 1575 612 1629 pascens
635 1559 710 1614 ruris
734 1559 849 1616 alumna
873 1577 969 1630 pecus.

250 1657 304 1713 llla
326 1672 406 1711 meos
430 1654 527 1724 rapuit
550 1670 651 1708 sensus
675 1653 866 1725 animumque,
891 1655 968 1726 quod
991 1672 1091 1713 onmes

206 1770 235 1811 ao
293 1749 425 1820 Euganei
447 1747 592 1818 nymphae
614 1764 673 1803 non
695 1753 817 1818 potuere
841 1750 904 1804 soli.

251 1845 331 1902 Illius
355 1843 477 1900 insulis
501 1859 608 1914 quaero
632 1843 756 1912 vest-luia
779 1843 857 1899 silvis

295 1939 442 2009 Grataque
465 1943 532 2008 post
555 1936 665 1993 habitis
687 1936 808 1994 urbibus
832 1955 901 1994 arva
925 1939 998 1994 eolo.

251 2034 348 2092 Dicite
373 2032 509 2089 custodes
531 2033 656 2103 perona,
681 2049 800 2089 nemora
823 2032 882 2088 altu
906 2038 1053 2090 tenentes:

293 2128 395 2200 Ecqua
418 2127 470 2184 sub
493 2127 550 2183 hoo
573 2132 669 2183 servat
693 2132 790 2183 oronte
812 2127 909 2198 puella
931 2126 1068 2200 gregem?

208 2244 236 2284 as
251 2224 358 2292 Dicite,
382 2223 507 2279 lassatos
531 2238 587 2293 quo
610 2220 691 2278 fonto
714 2221 868 2292 refrigerat
892 2228 981 2289 artus,

293 2318 371 2387 Quas
395 2317 490 2384 silvas,
514 2316 611 2372 medio
634 2333 707 2387 quae
731 2315 809 2372 subit
832 2321 916 2372 antra
939 2316 1007 2374 die‘l

250 2414 332 2471 llaec
355 2429 417 2484 ego,
453 2412 525 2468 Tum
549 2412 627 2480 ripas
650 2415 794 2467 monstrat
817 2411 887 2467 mihi
910 2412 1020 2469 rustica
1042 2396 1147 2483 pubes,

293 2508 356 2577 Qua
380 2507 510 2564 Panams
533 2505 643 2576 liquido
666 2510 821 2575 praenotat
843 2522 913 2562 arva
934 2506 1018 2578 pede,

207 2632 209 2638 ·
251 2603 302 2659 1110
325 2602 456 2672 fatigatis
479 2605 580 2671 gratus
602 2599 769 2670 pastoribus
793 2601 900 2656 arruns:

208 2716 235 2757 co
293 2697 359 2753 Huc
381 2700 482 2767 potum
505 2699 619 2751 saturas
642 2694 691 2750 lux
713 2711 779 2751 mea
802 2695 883 2751 ducit
905 2712 981 2752 oves.

252 2793 307 2848 Hie
331 2789 422 2848 oculis
445 2789 568 2860 primum
592 2789 658 2845 tulit
680 2788 766 2846 obvia
788 2790 896 2846 lumina
919 2791 1036 2858 nostris,

293 2884 418 2941 Lumina
440 2900 514 2955 quae
537 2883 627 2941 radiis
651 2883 764 2940 aemula
787 2884 857 2939 solis
881 2889 973 2941 erant.

251 2980 326 3050 Quid
349 2978 484 3046 referam,
508 2979 641 3050 quotiens
664 2983 780 3035 noctem
802 2995 855 3049 per
877 2979 1025 3050 inhospita
1046 2978 1162 3048 ducam,

294 3074 325 3130 Si
349 3079 436 3146 queat
459 3074 604 3130 aerumnis
628 3089 692 3130 0000
715 3073 841 3144 benigna
863 3070 956 3129 meis?

209 3170 306 3229 101110
329 3168 381 3226 sed
404 3165 435 3246 (a
457 3167 607 3245 simplexl)
631 3168 764 3224 humanis
787 3168 886 3224 invida
909 3168 985 3224 votis

292 3263 423 3335 Virginei
446 3264 554 3320 mavult
577 3279 641 3319 0000
664 3262 760 3333 puella
781 3263 862 3318 chori

251 3359 466 3431 Impatiensque
490 3356 655 3413 1111000110
679 3372 709 3412 se
734 3356 856 3413 devovet
880 3356 948 3424 aris,

295 3453 431 3525 Vittaque
454 3451 594 3508 flaventes
618 3451 678 3507 iam
699 3450 771 3521 ligat
794 3449 860 3507 alba
883 3467 989 3508 comas.

251 3549 319 3606 Vidi
343 3565 406 3619 ego,
432 3564 496 3603 cum
519 3562 619 3602 roseos
643 3545 733 3616 nigris
756 3550 885 3602 mutaret
907 3546 1031 3602 amiotus

204 3662 236 3703 50
285 3643 335 3700 ¹lli
358 3642 488 3699 tunicam·
508 3656 629 3712 magnos
651 3644 775 3712 poneret
798 3644 865 3697 ante
889 3641 960 3697 deos
