2490 4080
361 217 406 263 ΠΙ.
433 214 620 264 FRIDERICVS
642 218 856 264 wtnnssaeuvs
1065 207 1102 264 51

229 394 305 452 Fide
330 393 439 465 sileque
461 393 544 452 Dec!
572 394 635 464 Quo
661 412 731 451 crux
754 394 878 451 vicinior
900 394 988 465 angit,

155 489 236 547 ¹Hoc
258 489 355 546 vicina
378 489 457 545 cruci
479 489 571 560 magis
596 494 640 547 est
663 489 832 560 praesentia
855 487 973 556 Christi,

128 601 156 643 ec
171 582 226 652 Qui
248 583 325 640 mala
347 583 393 640 vel
415 583 492 640 tollit
513 583 629 655 penitus
653 583 699 640 vel
722 583 835 640 atrocia
857 583 929 639 lenit

169 677 236 735 Non
258 678 393 750 graviore
415 694 549 749 premens
574 683 713 735 oneratos
736 677 866 749 pondere
891 680 1017 745 sanctos,

169 771 261 841 Quam
284 771 405 830 sufferre
429 777 544 844 queant,
568 772 598 828 in
621 778 745 844 utroque
768 770 864 828 fidelis
888 775 918 829 et
940 786 1058 843 aequus,

169 867 226 937 Qui
249 868 367 926 dumeta
390 884 458 925 suos
481 867 650 940 plerumque
673 884 726 938 per
749 883 855 938 aspera
878 867 986 924 ducens

169 962 299 1019 Exuvias
324 963 419 1019 carnis
442 962 541 1018 vitiosi
563 962 679 1019 velleris
701 962 795 1018 instar

126 1074 153 1116 35
170 1055 319 1114 Carminat
342 1062 429 1128 atque
454 1056 548 1113 crucis
571 1056 718 1114 salsedine
742 1056 818 1113 sieut
841 1060 925 1113 aceto

169 1151 311 1218 Macerat,
335 1155 368 1208 ut
391 1155 509 1207 sanctes
532 1150 645 1208 habiles
668 1149 813 1222 fingamur
836 1149 874 1206 ad
896 1165 974 1218 usus,

166 1245 263 1317 Vsque
287 1245 361 1302 adeo
385 1245 459 1302 mira
483 1245 609 1302 domitus
632 1245 748 1302 ratione
771 1244 915 1316 gubernat

167 1339 252 1397 More
275 1356 328 1397 suo
351 1339 464 1408 mediis,
489 1356 562 1411 quae
586 1344 653 1395 sunt
677 1339 833 1407 contraria,
857 1338 997 1408 paudere,

168 1433 261 1503 Mitis,
285 1438 315 1491 at
337 1435 366 1490 in
391 1434 526 1505 speciem,
551 1450 622 1505 ques
647 1433 750 1504 diligit,
776 1431 909 1490 omnibus
933 1449 1028 1503 asper,

125 1546 154 1587 40
169 1527 245 1598 Quid
269 1529 383 1586 salvans
407 1529 541 1597 animam,
567 1528 692 1599 castigat
716 1527 812 1584 debile
836 1543 940 1597 corpus

167 1623 207 1679 Et
229 1623 308 1680 bona
332 1622 496 1679 subducens
520 1623 674 1679 terrestria
698 1622 807 1679 caelica
831 1621 929 1689 donat,

168 1715 223 1786 Qui
245 1715 318 1774 feris
341 1715 484 1789 adfligens
508 1717 586 1773 intus
610 1717 719 1774 solacia
741 1716 848 1785 reddit,

167 1811 266 1868 Fortis
290 1811 320 1867 in
342 1810 474 1880 infirmis,
499 1811 528 1867 in
552 1811 651 1883 egenis
676 1811 767 1880 dives,
791 1811 903 1868 honore

166 1905 309 1963 Exaltans
332 1906 465 1974 humiles,
490 1922 614 1977 operans
638 1907 668 1962 in
691 1911 787 1964 morte
811 1905 942 1963 salutem.

122 2019 151 2060 45
223 2000 328 2057 Tristis
345 2000 487 2068 adhucne,
509 2000 613 2069 anima,
640 1998 696 2057 es?
721 2001 846 2058 Tristari
862 1999 962 2057 desine
978 1999 1097 2057 tandem

166 2095 205 2151 Et
229 2111 280 2166 spe
303 2095 454 2151 tristitiam
476 2094 646 2167 moderare;
671 2096 776 2152 resiste
801 2094 911 2151 dolori!

165 2189 221 2259 Qui
243 2188 308 2246 finit
329 2189 406 2246 mala
429 2194 542 2257 cuncta,
566 2188 646 2245 Deus
671 2189 753 2246 dabit
774 2189 819 2245 his
844 2204 956 2260 quoque
979 2187 1075 2257 finem,

165 2283 223 2340 Pro
249 2301 333 2341 cruce
357 2285 409 2360 qui
431 2283 533 2350 lucem,
557 2300 611 2354 pro
634 2284 714 2340 luctu
737 2283 845 2355 gaudia
867 2282 979 2340 reddet.

221 2377 284 2434 Nec
308 2394 412 2435 secura
434 2381 541 2446 tamen,
567 2395 631 2433 cunr
654 2394 719 2434 sors
742 2378 890 2446 adriserit,
915 2384 988 2446 estc,

121 2491 150 2533 50
166 2471 226 2529 Ceu
249 2471 387 2529 defuncta
409 2471 493 2529 malis
517 2471 650 2544 omnique
674 2478 810 2543 exempta
832 2473 937 2530 timore

166 2567 242 2625 Pace
266 2567 356 2624 semel
378 2572 471 2638 parta,
497 2567 579 2638 quasi
602 2568 681 2624 nulla
703 2567 834 2638 pericula
857 2572 979 2635 restent,

167 2660 260 2718 Cauta
283 2661 335 2718 sed
358 2660 496 2718 incedens
518 2661 597 2719 vitae
620 2678 689 2733 rege
712 2661 836 2732 provida
858 2679 974 2733 gressus

164 2755 378 2828 Vrgentemque
401 2772 503 2826 preces
527 2773 642 2827 semper
666 2756 747 2813 caelo
771 2755 872 2828 adrige
895 2762 1031 2826 mentem,

165 2849 241 2907 Tuta
263 2850 368 2906 timens
392 2850 480 2907 etiam
503 2866 576 2921 quae
600 2855 746 2908 monstrat
768 2850 876 2921 gaudia
897 2851 1020 2907 mundus

122 2962 151 3004 ss
165 2945 204 3001 Vt
226 2944 362 3015 suspecta
383 2944 439 3015 piis
463 2949 492 3001 et
515 2943 667 3002 fraudibus
691 2944 783 3001 oblita
805 2945 917 3001 mortis

163 3038 238 3095 Nam
259 3039 329 3095 licet
352 3037 499 3110 obsequiis
522 3043 701 3109 spontaneus
724 3039 835 3096 adnuat
857 3039 933 3096 ultro

163 3132 288 3204 Spiritus
311 3133 384 3203 ipse,
410 3148 478 3190 carc
501 3136 599 3190 tamen
623 3138 668 3189 est
689 3132 805 3190 infirma
826 3134 939 3206 levique

162 3227 215 3284 Vel
238 3232 352 3286 tentata
374 3232 453 3284 metu
476 3228 522 3285 vel
544 3244 595 3298 spe
619 3245 761 3299 suspensa
782 3229 915 3286 labascit.

162 3321 257 3390 Adde,
281 3321 359 3393 quod
381 3338 471 3394 usque
495 3322 563 3393 vigil
586 3327 652 3379 tuus
677 3323 803 3380 excubat
825 3324 918 3381 hostis
942 3325 1092 3394 sturmis

117 3434 147 3477 60
162 3414 224 3485 Quo
248 3416 341 3487 magis
365 3433 395 3473 es
419 3422 566 3485 constans,
590 3422 673 3474 tanto
697 3416 843 3475 rabiosius
865 3419 988 3489 instans
1085 3453 1093 3495 ·.·

161 3511 311 3568 Victorem
335 3516 452 3569 satanas
477 3516 599 3568 cenatur
622 3512 738 3568 vincere
761 3513 877 3580 virtue,-

162 3605 274 3662 Rursus
297 3612 329 3662 ut
352 3610 494 3663 attrectes
517 3610 631 3663 veteres
654 3606 820 3678 improvida
843 3607 955 3677 sordet,

923 3721 955 3772 δὲ
